%YAML 1.1
%TAG !u! tag:unity3d.com,2011:
--- !u!114 &354664332992807656
MonoBehaviour:
  m_ObjectHideFlags: 0
  m_CorrespondingSourceObject: {fileID: 0}
  m_PrefabInstance: {fileID: 0}
  m_PrefabAsset: {fileID: 0}
  m_GameObject: {fileID: 1491466360261651112}
  m_Enabled: 1
  m_EditorHideFlags: 0
  m_Script: {fileID: 11500000, guid: 4d0390bd8b8ffd640b34fe25065ff1df, type: 3}
  m_Name: 
  m_EditorClassIdentifier: 
  updateType: 0
  isSpeedBased: 0
  hasOnStart: 0
  hasOnPlay: 0
  hasOnUpdate: 0
  hasOnStepComplete: 0
  hasOnComplete: 0
  hasOnTweenCreated: 0
  hasOnRewind: 0
  onStart:
    m_PersistentCalls:
      m_Calls: []
  onPlay:
    m_PersistentCalls:
      m_Calls: []
  onUpdate:
    m_PersistentCalls:
      m_Calls: []
  onStepComplete:
    m_PersistentCalls:
      m_Calls: []
  onComplete:
    m_PersistentCalls:
      m_Calls: []
  onTweenCreated:
    m_PersistentCalls:
      m_Calls: []
  onRewind:
    m_PersistentCalls:
      m_Calls: []
  targetIsSelf: 1
  targetGO: {fileID: 0}
  tweenTargetIsTargetGO: 1
  delay: 0
  duration: 0.1
  easeType: 6
  easeCurve:
    serializedVersion: 2
    m_Curve:
    - serializedVersion: 3
      time: 0
      value: 0
      inSlope: 0
      outSlope: 0
      tangentMode: 0
      weightedMode: 0
      inWeight: 0
      outWeight: 0
    - serializedVersion: 3
      time: 1
      value: 1
      inSlope: 0
      outSlope: 0
      tangentMode: 0
      weightedMode: 0
      inWeight: 0
      outWeight: 0
    m_PreInfinity: 2
    m_PostInfinity: 2
    m_RotationOrder: 4
  loopType: 0
  loops: 1
  id: 
  isRelative: 0
  isFrom: 0
  isIndependentUpdate: 0
  autoKill: 0
  isActive: 1
  isValid: 1
  target: {fileID: 2910286276283932350}
  animationType: 2
  targetType: 11
  forcedTargetType: 0
  autoPlay: 0
  useTargetAsV3: 0
  endValueFloat: 0
  endValueV3: {x: 0, y: 0.05, z: 0}
  endValueV2: {x: 0, y: 0}
  endValueColor: {r: 1, g: 1, b: 1, a: 1}
  endValueString: 
  endValueRect:
    serializedVersion: 2
    x: 0
    y: 0
    width: 0
    height: 0
  endValueTransform: {fileID: 0}
  optionalBool0: 0
  optionalFloat0: 0
  optionalInt0: 0
  optionalRotationMode: 0
  optionalScrambleMode: 0
  optionalString: 
--- !u!114 &7481730049795999794
MonoBehaviour:
  m_ObjectHideFlags: 0
  m_CorrespondingSourceObject: {fileID: 0}
  m_PrefabInstance: {fileID: 0}
  m_PrefabAsset: {fileID: 0}
  m_GameObject: {fileID: 1491466360261651112}
  m_Enabled: 1
  m_EditorHideFlags: 0
  m_Script: {fileID: 11500000, guid: e06a067cc5374e00ac64b39b1ac712dd, type: 3}
  m_Name: 
  m_EditorClassIdentifier: 
  readyHeight: 10
  landingEffectPrefab: {fileID: 3213301631838439232, guid: 3e3d8b272d2e0d145b54a833e144b8d2,
    type: 3}
  landingPos: {fileID: 0}
--- !u!1 &1719361380748080036
GameObject:
  m_ObjectHideFlags: 0
  m_CorrespondingSourceObject: {fileID: 0}
  m_PrefabInstance: {fileID: 0}
  m_PrefabAsset: {fileID: 0}
  serializedVersion: 6
  m_Component:
  - component: {fileID: 3102363466439952306}
  m_Layer: 9
  m_Name: Machine_2
  m_TagString: Enemy
  m_Icon: {fileID: 0}
  m_NavMeshLayer: 0
  m_StaticEditorFlags: 0
  m_IsActive: 1
--- !u!4 &3102363466439952306
Transform:
  m_ObjectHideFlags: 0
  m_CorrespondingSourceObject: {fileID: 0}
  m_PrefabInstance: {fileID: 0}
  m_PrefabAsset: {fileID: 0}
  m_GameObject: {fileID: 1719361380748080036}
  m_LocalRotation: {x: 0, y: 0, z: 0, w: 1}
  m_LocalPosition: {x: 0, y: 0, z: 0}
  m_LocalScale: {x: 0.9, y: 0.9, z: 1}
  m_Children:
  - {fileID: 2910286276283932350}
  m_Father: {fileID: 0}
  m_RootOrder: 0
  m_LocalEulerAnglesHint: {x: 0, y: 0, z: 10}
--- !u!1001 &237036268482491186
PrefabInstance:
  m_ObjectHideFlags: 0
  serializedVersion: 2
  m_Modification:
    m_TransformParent: {fileID: 3102363466439952306}
    m_Modifications:
    - target: {fileID: 1604721144146988091, guid: 8724df4a3413ff2458ff719206cdd450,
        type: 3}
      propertyPath: m_LocalPosition.x
      value: 0.329
      objectReference: {fileID: 0}
    - target: {fileID: 1604721144146988091, guid: 8724df4a3413ff2458ff719206cdd450,
        type: 3}
      propertyPath: m_LocalPosition.y
      value: 0.134
      objectReference: {fileID: 0}
    - target: {fileID: 1619372512246462279, guid: 8724df4a3413ff2458ff719206cdd450,
        type: 3}
      propertyPath: m_LocalScale.x
      value: 1
      objectReference: {fileID: 0}
    - target: {fileID: 1619372512246462279, guid: 8724df4a3413ff2458ff719206cdd450,
        type: 3}
      propertyPath: m_LocalScale.y
      value: 1
      objectReference: {fileID: 0}
    - target: {fileID: 1619372512246462279, guid: 8724df4a3413ff2458ff719206cdd450,
        type: 3}
      propertyPath: m_LocalPosition.x
      value: -0.02
      objectReference: {fileID: 0}
    - target: {fileID: 1619372512246462279, guid: 8724df4a3413ff2458ff719206cdd450,
        type: 3}
      propertyPath: m_LocalPosition.y
      value: -0.19
      objectReference: {fileID: 0}
    - target: {fileID: 1727376723275635098, guid: 8724df4a3413ff2458ff719206cdd450,
        type: 3}
      propertyPath: m_Name
      value: Soldier
      objectReference: {fileID: 0}
    - target: {fileID: 1855541511459414710, guid: 8724df4a3413ff2458ff719206cdd450,
        type: 3}
      propertyPath: m_LocalScale.x
      value: 0.55
      objectReference: {fileID: 0}
    - target: {fileID: 1855541511459414710, guid: 8724df4a3413ff2458ff719206cdd450,
        type: 3}
      propertyPath: m_LocalScale.y
      value: 0.55
      objectReference: {fileID: 0}
    - target: {fileID: 1855541511459414710, guid: 8724df4a3413ff2458ff719206cdd450,
        type: 3}
      propertyPath: m_LocalPosition.x
      value: -0.07
      objectReference: {fileID: 0}
    - target: {fileID: 1855541511459414710, guid: 8724df4a3413ff2458ff719206cdd450,
        type: 3}
      propertyPath: m_LocalPosition.y
      value: -0.62
      objectReference: {fileID: 0}
    - target: {fileID: 3110147619466341772, guid: 8724df4a3413ff2458ff719206cdd450,
        type: 3}
      propertyPath: m_RootOrder
      value: 0
      objectReference: {fileID: 0}
    - target: {fileID: 3110147619466341772, guid: 8724df4a3413ff2458ff719206cdd450,
        type: 3}
      propertyPath: m_LocalScale.x
      value: 0.8
      objectReference: {fileID: 0}
    - target: {fileID: 3110147619466341772, guid: 8724df4a3413ff2458ff719206cdd450,
        type: 3}
      propertyPath: m_LocalScale.y
      value: 0.8
      objectReference: {fileID: 0}
    - target: {fileID: 3110147619466341772, guid: 8724df4a3413ff2458ff719206cdd450,
        type: 3}
      propertyPath: m_LocalPosition.x
      value: 0
      objectReference: {fileID: 0}
    - target: {fileID: 3110147619466341772, guid: 8724df4a3413ff2458ff719206cdd450,
        type: 3}
      propertyPath: m_LocalPosition.y
      value: 0
      objectReference: {fileID: 0}
    - target: {fileID: 3110147619466341772, guid: 8724df4a3413ff2458ff719206cdd450,
        type: 3}
      propertyPath: m_LocalPosition.z
      value: 0
      objectReference: {fileID: 0}
    - target: {fileID: 3110147619466341772, guid: 8724df4a3413ff2458ff719206cdd450,
        type: 3}
      propertyPath: m_LocalRotation.w
      value: 1
      objectReference: {fileID: 0}
    - target: {fileID: 3110147619466341772, guid: 8724df4a3413ff2458ff719206cdd450,
        type: 3}
      propertyPath: m_LocalRotation.x
      value: 0
      objectReference: {fileID: 0}
    - target: {fileID: 3110147619466341772, guid: 8724df4a3413ff2458ff719206cdd450,
        type: 3}
      propertyPath: m_LocalRotation.y
      value: 0
      objectReference: {fileID: 0}
    - target: {fileID: 3110147619466341772, guid: 8724df4a3413ff2458ff719206cdd450,
        type: 3}
      propertyPath: m_LocalRotation.z
      value: 0
      objectReference: {fileID: 0}
    - target: {fileID: 3110147619466341772, guid: 8724df4a3413ff2458ff719206cdd450,
        type: 3}
      propertyPath: m_LocalEulerAnglesHint.x
      value: 0
      objectReference: {fileID: 0}
    - target: {fileID: 3110147619466341772, guid: 8724df4a3413ff2458ff719206cdd450,
        type: 3}
      propertyPath: m_LocalEulerAnglesHint.y
      value: 0
      objectReference: {fileID: 0}
    - target: {fileID: 3110147619466341772, guid: 8724df4a3413ff2458ff719206cdd450,
        type: 3}
      propertyPath: m_LocalEulerAnglesHint.z
      value: 10
      objectReference: {fileID: 0}
    - target: {fileID: 4252765022561144000, guid: 8724df4a3413ff2458ff719206cdd450,
        type: 3}
      propertyPath: m_IsActive
      value: 0
      objectReference: {fileID: 0}
    - target: {fileID: 4831706249791806212, guid: 8724df4a3413ff2458ff719206cdd450,
        type: 3}
      propertyPath: landing
      value: 
      objectReference: {fileID: 7481730049795999794}
    - target: {fileID: 4831706249791806212, guid: 8724df4a3413ff2458ff719206cdd450,
        type: 3}
      propertyPath: projectilePrefab
      value: 
      objectReference: {fileID: 1476627442834134986, guid: 49dbe3f64f54dfc4aa8af0aa7f96afb4,
        type: 3}
    - target: {fileID: 4831706249791806212, guid: 8724df4a3413ff2458ff719206cdd450,
        type: 3}
      propertyPath: sprites.Array.size
      value: 2
      objectReference: {fileID: 0}
    - target: {fileID: 4831706249791806212, guid: 8724df4a3413ff2458ff719206cdd450,
        type: 3}
      propertyPath: _shotTweenAnimation
      value: 
      objectReference: {fileID: 354664332992807656}
    - target: {fileID: 4831706249791806212, guid: 8724df4a3413ff2458ff719206cdd450,
        type: 3}
      propertyPath: sprites.Array.data[0]
      value: 
      objectReference: {fileID: 21300000, guid: 2ffa2a1b3a5213c4ba3ef690e5790321,
        type: 3}
    - target: {fileID: 4831706249791806212, guid: 8724df4a3413ff2458ff719206cdd450,
        type: 3}
      propertyPath: sprites.Array.data[1]
      value: 
      objectReference: {fileID: 21300000, guid: 5846f2160ae217b4a855cf58357968f4,
        type: 3}
    - target: {fileID: 6405321775157389446, guid: 8724df4a3413ff2458ff719206cdd450,
        type: 3}
      propertyPath: m_Sprite
      value: 
      objectReference: {fileID: 21300000, guid: 2ffa2a1b3a5213c4ba3ef690e5790321,
        type: 3}
    - target: {fileID: 8847223491626312944, guid: 8724df4a3413ff2458ff719206cdd450,
        type: 3}
      propertyPath: m_LocalPosition.x
      value: 0
      objectReference: {fileID: 0}
    - target: {fileID: 8847223491626312944, guid: 8724df4a3413ff2458ff719206cdd450,
        type: 3}
      propertyPath: m_LocalPosition.y
      value: 0.64
      objectReference: {fileID: 0}
    - target: {fileID: 8889569817614328201, guid: 8724df4a3413ff2458ff719206cdd450,
        type: 3}
      propertyPath: m_IsActive
      value: 0
      objectReference: {fileID: 0}
    m_RemovedComponents: []
  m_SourcePrefab: {fileID: 100100000, guid: 8724df4a3413ff2458ff719206cdd450, type: 3}
--- !u!1 &1491466360261651112 stripped
GameObject:
  m_CorrespondingSourceObject: {fileID: 1727376723275635098, guid: 8724df4a3413ff2458ff719206cdd450,
    type: 3}
  m_PrefabInstance: {fileID: 237036268482491186}
  m_PrefabAsset: {fileID: 0}
--- !u!4 &2910286276283932350 stripped
Transform:
  m_CorrespondingSourceObject: {fileID: 3110147619466341772, guid: 8724df4a3413ff2458ff719206cdd450,
    type: 3}
  m_PrefabInstance: {fileID: 237036268482491186}
  m_PrefabAsset: {fileID: 0}
