%YAML 1.1
%TAG !u! tag:unity3d.com,2011:
--- !u!114 &3731557035325277787
MonoBehaviour:
  m_ObjectHideFlags: 0
  m_CorrespondingSourceObject: {fileID: 0}
  m_PrefabInstance: {fileID: 0}
  m_PrefabAsset: {fileID: 0}
  m_GameObject: {fileID: 435652458800132290}
  m_Enabled: 1
  m_EditorHideFlags: 0
  m_Script: {fileID: 11500000, guid: 4d0390bd8b8ffd640b34fe25065ff1df, type: 3}
  m_Name: 
  m_EditorClassIdentifier: 
  updateType: 0
  isSpeedBased: 0
  hasOnStart: 0
  hasOnPlay: 0
  hasOnUpdate: 0
  hasOnStepComplete: 0
  hasOnComplete: 0
  hasOnTweenCreated: 0
  hasOnRewind: 0
  onStart:
    m_PersistentCalls:
      m_Calls: []
  onPlay:
    m_PersistentCalls:
      m_Calls: []
  onUpdate:
    m_PersistentCalls:
      m_Calls: []
  onStepComplete:
    m_PersistentCalls:
      m_Calls: []
  onComplete:
    m_PersistentCalls:
      m_Calls: []
  onTweenCreated:
    m_PersistentCalls:
      m_Calls: []
  onRewind:
    m_PersistentCalls:
      m_Calls: []
  targetIsSelf: 1
  targetGO: {fileID: 0}
  tweenTargetIsTargetGO: 1
  delay: 0
  duration: 2
  easeType: 25
  easeCurve:
    serializedVersion: 2
    m_Curve:
    - serializedVersion: 3
      time: 0
      value: 0
      inSlope: 0
      outSlope: 0
      tangentMode: 0
      weightedMode: 0
      inWeight: 0
      outWeight: 0
    - serializedVersion: 3
      time: 1
      value: 1
      inSlope: 0
      outSlope: 0
      tangentMode: 0
      weightedMode: 0
      inWeight: 0
      outWeight: 0
    m_PreInfinity: 2
    m_PostInfinity: 2
    m_RotationOrder: 4
  loopType: 1
  loops: -1
  id: 
  isRelative: 0
  isFrom: 0
  isIndependentUpdate: 1
  autoKill: 1
  autoGenerate: 1
  isActive: 1
  isValid: 1
  target: {fileID: 5528100421659249935}
  animationType: 5
  targetType: 11
  forcedTargetType: 0
  autoPlay: 1
  useTargetAsV3: 0
  endValueFloat: 0.56
  endValueV3: {x: 0, y: 0, z: 0}
  endValueV2: {x: 0, y: 0}
  endValueColor: {r: 1, g: 1, b: 1, a: 1}
  endValueString: 
  endValueRect:
    serializedVersion: 2
    x: 0
    y: 0
    width: 0
    height: 0
  endValueTransform: {fileID: 0}
  optionalBool0: 1
  optionalBool1: 0
  optionalFloat0: 0
  optionalInt0: 0
  optionalRotationMode: 0
  optionalScrambleMode: 0
  optionalString: 
--- !u!1 &3145227388643555140
GameObject:
  m_ObjectHideFlags: 0
  m_CorrespondingSourceObject: {fileID: 0}
  m_PrefabInstance: {fileID: 0}
  m_PrefabAsset: {fileID: 0}
  serializedVersion: 6
  m_Component:
  - component: {fileID: 5560131743854740118}
  - component: {fileID: 2546206241596257711}
  - component: {fileID: 1936552214398477122}
  m_Layer: 0
  m_Name: Guide
  m_TagString: Untagged
  m_Icon: {fileID: 0}
  m_NavMeshLayer: 0
  m_StaticEditorFlags: 0
  m_IsActive: 0
--- !u!224 &5560131743854740118
RectTransform:
  m_ObjectHideFlags: 0
  m_CorrespondingSourceObject: {fileID: 0}
  m_PrefabInstance: {fileID: 0}
  m_PrefabAsset: {fileID: 0}
  m_GameObject: {fileID: 3145227388643555140}
  m_LocalRotation: {x: 0, y: 0, z: 0, w: 1}
  m_LocalPosition: {x: 0, y: 0, z: 0}
  m_LocalScale: {x: 1, y: 1, z: 1}
  m_Children: []
  m_Father: {fileID: 8421007084502627779}
  m_RootOrder: 1
  m_LocalEulerAnglesHint: {x: 0, y: 0, z: 0}
  m_AnchorMin: {x: 0, y: 0}
  m_AnchorMax: {x: 1, y: 1}
  m_AnchoredPosition: {x: 0, y: 0}
  m_SizeDelta: {x: 0, y: 0}
  m_Pivot: {x: 0.5, y: 0.5}
--- !u!222 &2546206241596257711
CanvasRenderer:
  m_ObjectHideFlags: 0
  m_CorrespondingSourceObject: {fileID: 0}
  m_PrefabInstance: {fileID: 0}
  m_PrefabAsset: {fileID: 0}
  m_GameObject: {fileID: 3145227388643555140}
  m_CullTransparentMesh: 0
--- !u!114 &1936552214398477122
MonoBehaviour:
  m_ObjectHideFlags: 0
  m_CorrespondingSourceObject: {fileID: 0}
  m_PrefabInstance: {fileID: 0}
  m_PrefabAsset: {fileID: 0}
  m_GameObject: {fileID: 3145227388643555140}
  m_Enabled: 1
  m_EditorHideFlags: 0
  m_Script: {fileID: 11500000, guid: fe87c0e1cc204ed48ad3b37840f39efc, type: 3}
  m_Name: 
  m_EditorClassIdentifier: 
  m_Material: {fileID: 0}
  m_Color: {r: 1, g: 1, b: 1, a: 0.5882353}
  m_RaycastTarget: 0
  m_RaycastPadding: {x: 0, y: 0, z: 0, w: 0}
  m_Maskable: 1
  m_OnCullStateChanged:
    m_PersistentCalls:
      m_Calls: []
  m_Sprite: {fileID: 0}
  m_Type: 0
  m_PreserveAspect: 0
  m_FillCenter: 1
  m_FillMethod: 4
  m_FillAmount: 1
  m_FillClockwise: 1
  m_FillOrigin: 0
  m_UseSpriteMesh: 0
  m_PixelsPerUnitMultiplier: 1
--- !u!114 &7721033281927880417
MonoBehaviour:
  m_ObjectHideFlags: 0
  m_CorrespondingSourceObject: {fileID: 0}
  m_PrefabInstance: {fileID: 0}
  m_PrefabAsset: {fileID: 0}
  m_GameObject: {fileID: 4004317719624624258}
  m_Enabled: 1
  m_EditorHideFlags: 0
  m_Script: {fileID: 11500000, guid: 5d3556b350924eb1bcb1d305b7e58262, type: 3}
  m_Name: 
  m_EditorClassIdentifier: 
  uraniumText: {fileID: 1957002173905262332}
  buttonSprite: {fileID: 8174852954399356070}
--- !u!1 &4245252556370820122
GameObject:
  m_ObjectHideFlags: 0
  m_CorrespondingSourceObject: {fileID: 0}
  m_PrefabInstance: {fileID: 0}
  m_PrefabAsset: {fileID: 0}
  serializedVersion: 6
  m_Component:
  - component: {fileID: 7417084994703957053}
  - component: {fileID: 3558312428096322966}
  - component: {fileID: 7263178416015889049}
  - component: {fileID: 3343563469000053845}
  - component: {fileID: 3367013693553376201}
  - component: {fileID: 7901830396401408829}
  m_Layer: 0
  m_Name: Overlay
  m_TagString: Untagged
  m_Icon: {fileID: 0}
  m_NavMeshLayer: 0
  m_StaticEditorFlags: 0
  m_IsActive: 1
--- !u!224 &7417084994703957053
RectTransform:
  m_ObjectHideFlags: 0
  m_CorrespondingSourceObject: {fileID: 0}
  m_PrefabInstance: {fileID: 0}
  m_PrefabAsset: {fileID: 0}
  m_GameObject: {fileID: 4245252556370820122}
  m_LocalRotation: {x: 0, y: 0, z: 0, w: 1}
  m_LocalPosition: {x: 0, y: 0, z: 0}
  m_LocalScale: {x: 1, y: 1, z: 1}
  m_Children: []
  m_Father: {fileID: 8421007084502627779}
  m_RootOrder: 0
  m_LocalEulerAnglesHint: {x: 0, y: 0, z: 0}
  m_AnchorMin: {x: 0, y: 0}
  m_AnchorMax: {x: 1, y: 1}
  m_AnchoredPosition: {x: 0, y: 0}
  m_SizeDelta: {x: 0, y: 0}
  m_Pivot: {x: 0.5, y: 0.5}
--- !u!223 &3558312428096322966
Canvas:
  m_ObjectHideFlags: 0
  m_CorrespondingSourceObject: {fileID: 0}
  m_PrefabInstance: {fileID: 0}
  m_PrefabAsset: {fileID: 0}
  m_GameObject: {fileID: 4245252556370820122}
  m_Enabled: 1
  serializedVersion: 3
  m_RenderMode: 2
  m_Camera: {fileID: 0}
  m_PlaneDistance: 100
  m_PixelPerfect: 0
  m_ReceivesEvents: 1
  m_OverrideSorting: 0
  m_OverridePixelPerfect: 0
  m_SortingBucketNormalizedSize: 0
  m_AdditionalShaderChannelsFlag: 0
  m_SortingLayerID: 0
  m_SortingOrder: 0
  m_TargetDisplay: 0
--- !u!114 &7263178416015889049
MonoBehaviour:
  m_ObjectHideFlags: 0
  m_CorrespondingSourceObject: {fileID: 0}
  m_PrefabInstance: {fileID: 0}
  m_PrefabAsset: {fileID: 0}
  m_GameObject: {fileID: 4245252556370820122}
  m_Enabled: 1
  m_EditorHideFlags: 0
  m_Script: {fileID: 11500000, guid: dc42784cf147c0c48a680349fa168899, type: 3}
  m_Name: 
  m_EditorClassIdentifier: 
  m_IgnoreReversedGraphics: 1
  m_BlockingObjects: 0
  m_BlockingMask:
    serializedVersion: 2
    m_Bits: 4294967295
--- !u!225 &3343563469000053845
CanvasGroup:
  m_ObjectHideFlags: 0
  m_CorrespondingSourceObject: {fileID: 0}
  m_PrefabInstance: {fileID: 0}
  m_PrefabAsset: {fileID: 0}
  m_GameObject: {fileID: 4245252556370820122}
  m_Enabled: 1
  m_Alpha: 1
  m_Interactable: 1
  m_BlocksRaycasts: 1
  m_IgnoreParentGroups: 0
--- !u!222 &3367013693553376201
CanvasRenderer:
  m_ObjectHideFlags: 0
  m_CorrespondingSourceObject: {fileID: 0}
  m_PrefabInstance: {fileID: 0}
  m_PrefabAsset: {fileID: 0}
  m_GameObject: {fileID: 4245252556370820122}
  m_CullTransparentMesh: 0
--- !u!114 &7901830396401408829
MonoBehaviour:
  m_ObjectHideFlags: 0
  m_CorrespondingSourceObject: {fileID: 0}
  m_PrefabInstance: {fileID: 0}
  m_PrefabAsset: {fileID: 0}
  m_GameObject: {fileID: 4245252556370820122}
  m_Enabled: 1
  m_EditorHideFlags: 0
  m_Script: {fileID: 11500000, guid: fe87c0e1cc204ed48ad3b37840f39efc, type: 3}
  m_Name: 
  m_EditorClassIdentifier: 
  m_Material: {fileID: 0}
  m_Color: {r: 0, g: 0, b: 0, a: 0.8039216}
  m_RaycastTarget: 1
  m_RaycastPadding: {x: 0, y: 0, z: 0, w: 0}
  m_Maskable: 1
  m_OnCullStateChanged:
    m_PersistentCalls:
      m_Calls: []
  m_Sprite: {fileID: 0}
  m_Type: 0
  m_PreserveAspect: 0
  m_FillCenter: 1
  m_FillMethod: 4
  m_FillAmount: 1
  m_FillClockwise: 1
  m_FillOrigin: 0
  m_UseSpriteMesh: 0
  m_PixelsPerUnitMultiplier: 1
--- !u!114 &5946908301925808159
MonoBehaviour:
  m_ObjectHideFlags: 0
  m_CorrespondingSourceObject: {fileID: 0}
  m_PrefabInstance: {fileID: 0}
  m_PrefabAsset: {fileID: 0}
  m_GameObject: {fileID: 5421212078762801219}
  m_Enabled: 1
  m_EditorHideFlags: 0
  m_Script: {fileID: 11500000, guid: d24f5e360245455eb727d90a15af3ea8, type: 3}
  m_Name: 
  m_EditorClassIdentifier: 
  key: info_078
--- !u!1 &5830386293262728534
GameObject:
  m_ObjectHideFlags: 0
  m_CorrespondingSourceObject: {fileID: 0}
  m_PrefabInstance: {fileID: 0}
  m_PrefabAsset: {fileID: 0}
  serializedVersion: 6
  m_Component:
  - component: {fileID: 8421007084502627779}
  - component: {fileID: 3399365397962400239}
  - component: {fileID: 28693543425351874}
  - component: {fileID: 3144287074529871834}
  - component: {fileID: 7464082537890261057}
  - component: {fileID: 4097884686073646461}
  m_Layer: 0
  m_Name: Stone Factory Level Up Popup
  m_TagString: Untagged
  m_Icon: {fileID: 0}
  m_NavMeshLayer: 0
  m_StaticEditorFlags: 0
  m_IsActive: 1
--- !u!224 &8421007084502627779
RectTransform:
  m_ObjectHideFlags: 0
  m_CorrespondingSourceObject: {fileID: 0}
  m_PrefabInstance: {fileID: 0}
  m_PrefabAsset: {fileID: 0}
  m_GameObject: {fileID: 5830386293262728534}
  m_LocalRotation: {x: 0, y: 0, z: 0, w: 1}
  m_LocalPosition: {x: 0, y: 0, z: 0}
  m_LocalScale: {x: 1, y: 1, z: 1}
  m_Children:
  - {fileID: 7417084994703957053}
  - {fileID: 5560131743854740118}
  - {fileID: 6999292112877022781}
  m_Father: {fileID: 0}
  m_RootOrder: 0
  m_LocalEulerAnglesHint: {x: 0, y: 0, z: 0}
  m_AnchorMin: {x: 0, y: 0}
  m_AnchorMax: {x: 1, y: 1}
  m_AnchoredPosition: {x: 0, y: 0}
  m_SizeDelta: {x: 0, y: 0}
  m_Pivot: {x: 0, y: 0}
--- !u!223 &3399365397962400239
Canvas:
  m_ObjectHideFlags: 0
  m_CorrespondingSourceObject: {fileID: 0}
  m_PrefabInstance: {fileID: 0}
  m_PrefabAsset: {fileID: 0}
  m_GameObject: {fileID: 5830386293262728534}
  m_Enabled: 1
  serializedVersion: 3
  m_RenderMode: 0
  m_Camera: {fileID: 0}
  m_PlaneDistance: 100
  m_PixelPerfect: 0
  m_ReceivesEvents: 1
  m_OverrideSorting: 0
  m_OverridePixelPerfect: 0
  m_SortingBucketNormalizedSize: 0
  m_AdditionalShaderChannelsFlag: 0
  m_SortingLayerID: 0
  m_SortingOrder: 0
  m_TargetDisplay: 0
--- !u!114 &28693543425351874
MonoBehaviour:
  m_ObjectHideFlags: 0
  m_CorrespondingSourceObject: {fileID: 0}
  m_PrefabInstance: {fileID: 0}
  m_PrefabAsset: {fileID: 0}
  m_GameObject: {fileID: 5830386293262728534}
  m_Enabled: 1
  m_EditorHideFlags: 0
  m_Script: {fileID: 11500000, guid: dc42784cf147c0c48a680349fa168899, type: 3}
  m_Name: 
  m_EditorClassIdentifier: 
  m_IgnoreReversedGraphics: 1
  m_BlockingObjects: 0
  m_BlockingMask:
    serializedVersion: 2
    m_Bits: 4294967295
--- !u!114 &3144287074529871834
MonoBehaviour:
  m_ObjectHideFlags: 0
  m_CorrespondingSourceObject: {fileID: 0}
  m_PrefabInstance: {fileID: 0}
  m_PrefabAsset: {fileID: 0}
  m_GameObject: {fileID: 5830386293262728534}
  m_Enabled: 1
  m_EditorHideFlags: 0
  m_Script: {fileID: 11500000, guid: 43490d2661c34eb6ab320ee137613325, type: 3}
  m_Name: 
  m_EditorClassIdentifier: 
  title: {fileID: 8657956918879157640}
  level: {fileID: 5566304605164061189}
  icon: {fileID: 7252958817505376609}
  desc: {fileID: 8205518177025757938}
  button: {fileID: 7721033281927880417}
--- !u!114 &7464082537890261057
MonoBehaviour:
  m_ObjectHideFlags: 0
  m_CorrespondingSourceObject: {fileID: 0}
  m_PrefabInstance: {fileID: 0}
  m_PrefabAsset: {fileID: 0}
  m_GameObject: {fileID: 5830386293262728534}
  m_Enabled: 1
  m_EditorHideFlags: 0
  m_Script: {fileID: 11500000, guid: d434a5ea618166e46a16791046345ed2, type: 3}
  m_Name: 
  m_EditorClassIdentifier: 
  DebugMode: 0
  StartPosition: {x: 0, y: 0, z: 0}
  StartRotation: {x: -0, y: 0, z: 0}
  StartScale: {x: 1, y: 1, z: 1}
  StartAlpha: 1
  AddToPopupQueue: 1
  AutoHideAfterShow: 0
  AutoHideAfterShowDelay: 3
  AutoSelectButtonAfterShow: 0
  AutoSelectPreviouslySelectedButtonAfterHide: 1
  BlockBackButton: 1
  CanvasName: MyPopup
  Container:
    Canvas: {fileID: 9156737371761881677}
    CanvasGroup: {fileID: 1039684317360817082}
    DisableCanvas: 1
    DisableGameObject: 0
    DisableGraphicRaycaster: 1
    Enabled: 1
    GraphicRaycaster: {fileID: 8890398911562963043}
    RectTransform: {fileID: 6999292112877022781}
    StartAlpha: 1
    StartPosition: {x: 0, y: 0, z: 0}
    StartRotation: {x: -0, y: 0, z: 0}
    StartScale: {x: 1, y: 1, z: 1}
  CustomCanvasName: 0
  Data:
    Buttons:
    - {fileID: 0}
    Images: []
    Labels: []
  DestroyAfterHide: 0
  DisplayTarget: 1
  HideBehavior:
    Animation:
      AnimationType: 2
      Move:
        AnimationType: 2
        Enabled: 0
        From: {x: 0, y: 0, z: 0}
        To: {x: 0, y: 0, z: 0}
        By: {x: 0, y: 0, z: 0}
        UseCustomFromAndTo: 0
        Vibrato: 10
        Elasticity: 1
        NumberOfLoops: -1
        LoopType: 1
        Direction: 3
        CustomPosition: {x: 0, y: 0, z: 0}
        EaseType: 1
        Ease: 29
        AnimationCurve:
          serializedVersion: 2
          m_Curve:
          - serializedVersion: 3
            time: 0
            value: 0
            inSlope: 2.7912683
            outSlope: 2.7912683
            tangentMode: 0
            weightedMode: 0
            inWeight: 0.33333334
            outWeight: 0.33333334
          - serializedVersion: 3
            time: 0.1591474
            value: 0.27871615
            inSlope: -3.5244074
            outSlope: -3.5244074
            tangentMode: 0
            weightedMode: 0
            inWeight: 0.33333334
            outWeight: 0.33333334
          - serializedVersion: 3
            time: 0.36119476
            value: 0.4033309
            inSlope: -2.5759792
            outSlope: -2.5759792
            tangentMode: 0
            weightedMode: 0
            inWeight: 0.33333334
            outWeight: 0.33333334
          - serializedVersion: 3
            time: 0.6268808
            value: 0.69904834
            inSlope: -2.6110096
            outSlope: -2.6110096
            tangentMode: 0
            weightedMode: 0
            inWeight: 0.33333334
            outWeight: 0.33333334
          - serializedVersion: 3
            time: 0.8133894
            value: 0.8256105
            inSlope: -1.7523863
            outSlope: -1.7523863
            tangentMode: 0
            weightedMode: 0
            inWeight: 0.33333334
            outWeight: 0.33333334
          - serializedVersion: 3
            time: 1
            value: 1
            inSlope: 1
            outSlope: 1
            tangentMode: 0
            weightedMode: 0
            inWeight: 0.33333334
            outWeight: 0.33333334
          m_PreInfinity: 2
          m_PostInfinity: 2
          m_RotationOrder: 4
        StartDelay: 0
        Duration: 0.5
      Rotate:
        AnimationType: 2
        Enabled: 0
        From: {x: 0, y: 0, z: 0}
        To: {x: 0, y: 180, z: 0}
        By: {x: 0, y: 0, z: 0}
        UseCustomFromAndTo: 0
        Vibrato: 10
        Elasticity: 1
        NumberOfLoops: -1
        LoopType: 1
        RotateMode: 0
        EaseType: 0
        Ease: 26
        AnimationCurve:
          serializedVersion: 2
          m_Curve:
          - serializedVersion: 3
            time: 0
            value: 0
            inSlope: 7.0383096
            outSlope: 7.0383096
            tangentMode: 0
            weightedMode: 0
            inWeight: 0.33333334
            outWeight: 0.33333334
          - serializedVersion: 3
            time: 0.017583081
            value: 0.18718478
            inSlope: 0.08300995
            outSlope: 0.08300995
            tangentMode: 0
            weightedMode: 0
            inWeight: 0.33333334
            outWeight: 0.33333334
          - serializedVersion: 3
            time: 0.057600502
            value: 0.12739694
            inSlope: 4.0301647
            outSlope: 4.0301647
            tangentMode: 0
            weightedMode: 0
            inWeight: 0.33333334
            outWeight: 0.33333334
          - serializedVersion: 3
            time: 0.09568673
            value: 0.25189704
            inSlope: -3.516668
            outSlope: -3.516668
            tangentMode: 0
            weightedMode: 0
            inWeight: 0.33333334
            outWeight: 0.33333334
          - serializedVersion: 3
            time: 0.15432346
            value: 0.2683969
            inSlope: -4.011477
            outSlope: -4.011477
            tangentMode: 0
            weightedMode: 0
            inWeight: 0.33333334
            outWeight: 0.33333334
          - serializedVersion: 3
            time: 0.6206393
            value: 0.37496966
            inSlope: -1.7194864
            outSlope: -1.7194864
            tangentMode: 0
            weightedMode: 0
            inWeight: 0.33333334
            outWeight: 0.33333334
          - serializedVersion: 3
            time: 1
            value: 1
            inSlope: 4.481586
            outSlope: 4.481586
            tangentMode: 0
            weightedMode: 0
            inWeight: 0.33333334
            outWeight: 0.33333334
          m_PreInfinity: 2
          m_PostInfinity: 2
          m_RotationOrder: 4
        StartDelay: 0
        Duration: 0.4
      Scale:
        AnimationType: 2
        Enabled: 0
        From: {x: 0, y: 0, z: 0}
        To: {x: 2, y: 2, z: 1}
        By: {x: 0, y: 0, z: 0}
        UseCustomFromAndTo: 0
        Vibrato: 10
        Elasticity: 1
        NumberOfLoops: -1
        LoopType: 1
        EaseType: 0
        Ease: 25
        AnimationCurve:
          serializedVersion: 2
          m_Curve:
          - serializedVersion: 3
            time: 0
            value: 0
            inSlope: -6.503698
            outSlope: -6.503698
            tangentMode: 0
            weightedMode: 0
            inWeight: 0.33333334
            outWeight: 0.33333334
          - serializedVersion: 3
            time: 0.10492328
            value: -0.2293109
            inSlope: 4.185171
            outSlope: 4.185171
            tangentMode: 0
            weightedMode: 0
            inWeight: 0.33333334
            outWeight: 0.33333334
          - serializedVersion: 3
            time: 0.24543402
            value: 0.03323266
            inSlope: -1.7219948
            outSlope: -1.7219948
            tangentMode: 0
            weightedMode: 0
            inWeight: 0.33333334
            outWeight: 0.33333334
          - serializedVersion: 3
            time: 0.4196215
            value: 0.15156424
            inSlope: -2.7061355
            outSlope: -2.7061355
            tangentMode: 0
            weightedMode: 0
            inWeight: 0.33333334
            outWeight: 0.33333334
          - serializedVersion: 3
            time: 0.592863
            value: 0.27791208
            inSlope: -1.6045417
            outSlope: -1.6045417
            tangentMode: 0
            weightedMode: 0
            inWeight: 0.33333334
            outWeight: 0.33333334
          - serializedVersion: 3
            time: 1
            value: 1
            inSlope: -0.5640811
            outSlope: -0.5640811
            tangentMode: 0
            weightedMode: 0
            inWeight: 0.33333334
            outWeight: 0.33333334
          m_PreInfinity: 2
          m_PostInfinity: 2
          m_RotationOrder: 4
        StartDelay: 0
        Duration: 0.4
      Fade:
        AnimationType: 2
        Enabled: 1
        From: 0
        To: 0
        By: 0.5
        UseCustomFromAndTo: 0
        NumberOfLoops: -1
        LoopType: 1
        EaseType: 0
        Ease: 1
        AnimationCurve:
          serializedVersion: 2
          m_Curve: []
          m_PreInfinity: 2
          m_PostInfinity: 2
          m_RotationOrder: 4
        StartDelay: 0
        Duration: 0.2
    LoadSelectedPresetAtRuntime: 0
    InstantAnimation: 0
    OnFinished:
      AnimatorEvents: []
      Effect:
        AutoSort: 1
        Behavior: 0
        CustomSortingOrder: 0
        SortingSteps: 1
        ParticleSystem: {fileID: 0}
        StopBehavior: 1
        CustomSortingLayer: Default
      Event:
        m_PersistentCalls:
          m_Calls: []
      GameEvents: []
      SoundData:
        SoundSource: 0
        DatabaseName: General
        SoundName: No Sound
        AudioClip: {fileID: 0}
        OutputAudioMixerGroup: {fileID: 0}
    OnStart:
      AnimatorEvents: []
      Effect:
        AutoSort: 1
        Behavior: 0
        CustomSortingOrder: 0
        SortingSteps: 1
        ParticleSystem: {fileID: 0}
        StopBehavior: 1
        CustomSortingLayer: Default
      Event:
        m_PersistentCalls:
          m_Calls: []
      GameEvents: []
      SoundData:
        SoundSource: 0
        DatabaseName: General
        SoundName: No Sound
        AudioClip: {fileID: 0}
        OutputAudioMixerGroup: {fileID: 0}
    PresetCategory: Fade
    PresetName: OutFast
  HideOnAnyButton: 0
  HideOnBackButton: 1
  HideOnClickAnywhere: 0
  HideOnClickContainer: 0
  HideOnClickOverlay: 0
  HideProgressor: {fileID: 0}
  OnInverseVisibilityChanged:
    m_PersistentCalls:
      m_Calls: []
  OnVisibilityChanged:
    m_PersistentCalls:
      m_Calls: []
  Overlay:
    Canvas: {fileID: 3558312428096322966}
    CanvasGroup: {fileID: 3343563469000053845}
    DisableCanvas: 1
    DisableGameObject: 1
    DisableGraphicRaycaster: 1
    Enabled: 1
    GraphicRaycaster: {fileID: 7263178416015889049}
    RectTransform: {fileID: 7417084994703957053}
    StartAlpha: 1
    StartPosition: {x: 0, y: 0, z: 0}
    StartRotation: {x: -0, y: 0, z: 0}
    StartScale: {x: 1, y: 1, z: 1}
  SelectedButton: {fileID: 0}
  ShowBehavior:
    Animation:
      AnimationType: 1
      Move:
        AnimationType: 1
        Enabled: 0
        From: {x: 0, y: 0, z: 0}
        To: {x: 0, y: 0, z: 0}
        By: {x: 0, y: 0, z: 0}
        UseCustomFromAndTo: 0
        Vibrato: 10
        Elasticity: 1
        NumberOfLoops: -1
        LoopType: 1
        Direction: 3
        CustomPosition: {x: 0, y: 0, z: 0}
        EaseType: 0
        Ease: 3
        AnimationCurve:
          serializedVersion: 2
          m_Curve:
          - serializedVersion: 3
            time: 0
            value: 0
            inSlope: 0
            outSlope: 0
            tangentMode: 0
            weightedMode: 0
            inWeight: 0.33333334
            outWeight: 0.33333334
          - serializedVersion: 3
            time: 0.22816835
            value: 1.2861733
            inSlope: -0.08982998
            outSlope: -0.08982998
            tangentMode: 0
            weightedMode: 0
            inWeight: 0.33333334
            outWeight: 0.33333334
          - serializedVersion: 3
            time: 0.6220915
            value: 1.1371747
            inSlope: 0.94856524
            outSlope: 0.94856524
            tangentMode: 0
            weightedMode: 0
            inWeight: 0.33333334
            outWeight: 0.33333334
          - serializedVersion: 3
            time: 0.72613853
            value: 0.73627746
            inSlope: -1.5867386
            outSlope: -1.5867386
            tangentMode: 0
            weightedMode: 0
            inWeight: 0.33333334
            outWeight: 0.33333334
          - serializedVersion: 3
            time: 1
            value: 1
            inSlope: 2
            outSlope: 2
            tangentMode: 0
            weightedMode: 0
            inWeight: 0.33333334
            outWeight: 0.33333334
          m_PreInfinity: 2
          m_PostInfinity: 2
          m_RotationOrder: 4
        StartDelay: 0
        Duration: 0.2
      Rotate:
        AnimationType: 1
        Enabled: 0
        From: {x: 0, y: 180, z: 0}
        To: {x: 0, y: 0, z: 0}
        By: {x: 0, y: 0, z: 0}
        UseCustomFromAndTo: 0
        Vibrato: 10
        Elasticity: 1
        NumberOfLoops: -1
        LoopType: 1
        RotateMode: 0
        EaseType: 0
        Ease: 27
        AnimationCurve:
          serializedVersion: 2
          m_Curve:
          - serializedVersion: 3
            time: 0
            value: 0.0051574707
            inSlope: 0
            outSlope: 0
            tangentMode: 0
            weightedMode: 0
            inWeight: 0.33333334
            outWeight: 0.33333334
          - serializedVersion: 3
            time: 0.048303347
            value: 0.28854316
            inSlope: 7.8732495
            outSlope: 7.8732495
            tangentMode: 0
            weightedMode: 0
            inWeight: 0.33333334
            outWeight: 0.33333334
          - serializedVersion: 3
            time: 0.10184101
            value: -0.07756907
            inSlope: 3.7581615
            outSlope: 3.7581615
            tangentMode: 0
            weightedMode: 0
            inWeight: 0.33333334
            outWeight: 0.33333334
          - serializedVersion: 3
            time: 0.1691427
            value: 0.5604678
            inSlope: 5.091666
            outSlope: 5.091666
            tangentMode: 0
            weightedMode: 0
            inWeight: 0.33333334
            outWeight: 0.33333334
          - serializedVersion: 3
            time: 0.6416942
            value: -0.5875959
            inSlope: 1.8110614
            outSlope: 1.8110614
            tangentMode: 0
            weightedMode: 0
            inWeight: 0.33333334
            outWeight: 0.33333334
          - serializedVersion: 3
            time: 0.9733818
            value: 0.67883307
            inSlope: -4.2502594
            outSlope: -4.2502594
            tangentMode: 0
            weightedMode: 0
            inWeight: 0.33333334
            outWeight: 0.33333334
          - serializedVersion: 3
            time: 0.98996425
            value: 0.88832426
            inSlope: -2.3853254
            outSlope: -2.3853254
            tangentMode: 0
            weightedMode: 0
            inWeight: 0.33333334
            outWeight: 0.33333334
          - serializedVersion: 3
            time: 1
            value: 1.0051575
            inSlope: 2
            outSlope: 2
            tangentMode: 0
            weightedMode: 0
            inWeight: 0.33333334
            outWeight: 0.33333334
          m_PreInfinity: 2
          m_PostInfinity: 2
          m_RotationOrder: 4
        StartDelay: 0
        Duration: 0.4
      Scale:
        AnimationType: 1
        Enabled: 1
        From: {x: 0, y: 0, z: 1}
        To: {x: 0, y: 0, z: 0}
        By: {x: 0, y: 0, z: 0}
        UseCustomFromAndTo: 0
        Vibrato: 10
        Elasticity: 1
        NumberOfLoops: -1
        LoopType: 1
        EaseType: 0
        Ease: 24
        AnimationCurve:
          serializedVersion: 2
          m_Curve:
          - serializedVersion: 3
            time: 0
            value: 0
            inSlope: 2
            outSlope: 2
            tangentMode: 0
            weightedMode: 0
            inWeight: 0.33333334
            outWeight: 0.33333334
          - serializedVersion: 3
            time: 0.22024798
            value: 1.9692707
            inSlope: 0.9352582
            outSlope: 0.9352582
            tangentMode: 0
            weightedMode: 0
            inWeight: 0.33333334
            outWeight: 0.33333334
          - serializedVersion: 3
            time: 0.65045136
            value: 1.0910703
            inSlope: 0.5003349
            outSlope: 0.5003349
            tangentMode: 0
            weightedMode: 0
            inWeight: 0.33333334
            outWeight: 0.33333334
          - serializedVersion: 3
            time: 0.7293131
            value: 0.8114508
            inSlope: 1.217737
            outSlope: 1.217737
            tangentMode: 0
            weightedMode: 0
            inWeight: 0.33333334
            outWeight: 0.33333334
          - serializedVersion: 3
            time: 1
            value: 1
            inSlope: -0.943337
            outSlope: -0.943337
            tangentMode: 0
            weightedMode: 0
            inWeight: 0.33333334
            outWeight: 0.33333334
          m_PreInfinity: 2
          m_PostInfinity: 2
          m_RotationOrder: 4
        StartDelay: 0
        Duration: 0.4
      Fade:
        AnimationType: 1
        Enabled: 1
        From: 0
        To: 1
        By: 0.5
        UseCustomFromAndTo: 0
        NumberOfLoops: -1
        LoopType: 1
        EaseType: 0
        Ease: 1
        AnimationCurve:
          serializedVersion: 2
          m_Curve: []
          m_PreInfinity: 2
          m_PostInfinity: 2
          m_RotationOrder: 4
        StartDelay: 0
        Duration: 0.4
    LoadSelectedPresetAtRuntime: 0
    InstantAnimation: 0
    OnFinished:
      AnimatorEvents: []
      Effect:
        AutoSort: 1
        Behavior: 0
        CustomSortingOrder: 0
        SortingSteps: 1
        ParticleSystem: {fileID: 0}
        StopBehavior: 1
        CustomSortingLayer: Default
      Event:
        m_PersistentCalls:
          m_Calls: []
      GameEvents: []
      SoundData:
        SoundSource: 0
        DatabaseName: General
        SoundName: No Sound
        AudioClip: {fileID: 0}
        OutputAudioMixerGroup: {fileID: 0}
    OnStart:
      AnimatorEvents: []
      Effect:
        AutoSort: 1
        Behavior: 0
        CustomSortingOrder: 0
        SortingSteps: 1
        ParticleSystem: {fileID: 0}
        StopBehavior: 1
        CustomSortingLayer: Default
      Event:
        m_PersistentCalls:
          m_Calls: []
      GameEvents: []
      SoundData:
        SoundSource: 0
        DatabaseName: General
        SoundName: No Sound
        AudioClip: {fileID: 0}
        OutputAudioMixerGroup: {fileID: 0}
    PresetCategory: Fade
    PresetName: Pop
  ShowProgressor: {fileID: 0}
  UpdateHideProgressorOnShow: 0
  UpdateShowProgressorOnHide: 0
  UseOverlay: 1
--- !u!114 &4097884686073646461
MonoBehaviour:
  m_ObjectHideFlags: 0
  m_CorrespondingSourceObject: {fileID: 0}
  m_PrefabInstance: {fileID: 0}
  m_PrefabAsset: {fileID: 0}
  m_GameObject: {fileID: 5830386293262728534}
  m_Enabled: 1
  m_EditorHideFlags: 0
  m_Script: {fileID: 11500000, guid: c97afc556caea1c44969477eb7ddec74, type: 3}
  m_Name: 
  m_EditorClassIdentifier: 
  m_Panel: {fileID: 8421007084502627779}
  m_HorizontalConstraintType: 1
  m_HorizontalConstraint: 2
  m_VerticalConstraintType: 1
  m_VerticalConstraint: 2
  m_DefaultAnchorMin: {x: 0, y: 0}
  m_DefaultAnchorMax: {x: 1, y: 1}
--- !u!114 &8150649802731667223
MonoBehaviour:
  m_ObjectHideFlags: 0
  m_CorrespondingSourceObject: {fileID: 0}
  m_PrefabInstance: {fileID: 0}
  m_PrefabAsset: {fileID: 0}
  m_GameObject: {fileID: 8568538184711550318}
  m_Enabled: 1
  m_EditorHideFlags: 0
  m_Script: {fileID: 11500000, guid: 4d0390bd8b8ffd640b34fe25065ff1df, type: 3}
  m_Name: 
  m_EditorClassIdentifier: 
  updateType: 0
  isSpeedBased: 0
  hasOnStart: 0
  hasOnPlay: 0
  hasOnUpdate: 0
  hasOnStepComplete: 0
  hasOnComplete: 0
  hasOnTweenCreated: 0
  hasOnRewind: 0
  onStart:
    m_PersistentCalls:
      m_Calls: []
  onPlay:
    m_PersistentCalls:
      m_Calls: []
  onUpdate:
    m_PersistentCalls:
      m_Calls: []
  onStepComplete:
    m_PersistentCalls:
      m_Calls: []
  onComplete:
    m_PersistentCalls:
      m_Calls: []
  onTweenCreated:
    m_PersistentCalls:
      m_Calls: []
  onRewind:
    m_PersistentCalls:
      m_Calls: []
  targetIsSelf: 1
  targetGO: {fileID: 0}
  tweenTargetIsTargetGO: 1
  delay: 0
  duration: 1
  easeType: 3
  easeCurve:
    serializedVersion: 2
    m_Curve:
    - serializedVersion: 3
      time: 0
      value: 0
      inSlope: 0
      outSlope: 0
      tangentMode: 0
      weightedMode: 0
      inWeight: 0
      outWeight: 0
    - serializedVersion: 3
      time: 1
      value: 1
      inSlope: 0
      outSlope: 0
      tangentMode: 0
      weightedMode: 0
      inWeight: 0
      outWeight: 0
    m_PreInfinity: 2
    m_PostInfinity: 2
    m_RotationOrder: 4
  loopType: 1
  loops: -1
  id: 
  isRelative: 0
  isFrom: 0
  isIndependentUpdate: 1
  autoKill: 1
  autoGenerate: 1
  isActive: 1
  isValid: 1
  target: {fileID: 3712274138691489759}
  animationType: 5
  targetType: 11
  forcedTargetType: 0
  autoPlay: 1
  useTargetAsV3: 0
  endValueFloat: 1.1
  endValueV3: {x: 0, y: 0, z: 0}
  endValueV2: {x: 0, y: 0}
  endValueColor: {r: 1, g: 1, b: 1, a: 1}
  endValueString: 
  endValueRect:
    serializedVersion: 2
    x: 0
    y: 0
    width: 0
    height: 0
  endValueTransform: {fileID: 0}
  optionalBool0: 1
  optionalBool1: 0
  optionalFloat0: 0
  optionalInt0: 0
  optionalRotationMode: 0
  optionalScrambleMode: 0
  optionalString: 
--- !u!1001 &6597933579639493165
PrefabInstance:
  m_ObjectHideFlags: 0
  serializedVersion: 2
  m_Modification:
    m_TransformParent: {fileID: 8421007084502627779}
    m_Modifications:
    - target: {fileID: 42143202505218479, guid: cf45d6c53df9ca14e88e8ef3d6bb13ea,
        type: 3}
      propertyPath: OnClick.Enabled
      value: 1
      objectReference: {fileID: 0}
    - target: {fileID: 42143202505218479, guid: cf45d6c53df9ca14e88e8ef3d6bb13ea,
        type: 3}
      propertyPath: OnClick.OnTrigger.SoundData.SoundName
      value: sfx_ui_bt_enchant_01
      objectReference: {fileID: 0}
    - target: {fileID: 42143202505218479, guid: cf45d6c53df9ca14e88e8ef3d6bb13ea,
        type: 3}
      propertyPath: OnClick.OnTrigger.SoundData.SoundSource
      value: 2
      objectReference: {fileID: 0}
    - target: {fileID: 1634785953805783080, guid: cf45d6c53df9ca14e88e8ef3d6bb13ea,
        type: 3}
      propertyPath: m_fontAsset
      value: 
      objectReference: {fileID: 11400000, guid: cb376b7fe507346fba7de01abc22f36e,
        type: 2}
    - target: {fileID: 1634785953805783080, guid: cf45d6c53df9ca14e88e8ef3d6bb13ea,
        type: 3}
      propertyPath: m_sharedMaterial
      value: 
      objectReference: {fileID: 1647396239016332341, guid: cb376b7fe507346fba7de01abc22f36e,
        type: 2}
    - target: {fileID: 1668394174319648546, guid: cf45d6c53df9ca14e88e8ef3d6bb13ea,
        type: 3}
      propertyPath: m_LocalScale.x
      value: 0.5
      objectReference: {fileID: 0}
    - target: {fileID: 1668394174319648546, guid: cf45d6c53df9ca14e88e8ef3d6bb13ea,
        type: 3}
      propertyPath: m_LocalScale.y
      value: 0.5
      objectReference: {fileID: 0}
    - target: {fileID: 1668394174319648546, guid: cf45d6c53df9ca14e88e8ef3d6bb13ea,
        type: 3}
      propertyPath: m_LocalScale.z
      value: 1
      objectReference: {fileID: 0}
    - target: {fileID: 1873320423231268679, guid: cf45d6c53df9ca14e88e8ef3d6bb13ea,
        type: 3}
      propertyPath: m_Name
      value: Container
      objectReference: {fileID: 0}
    - target: {fileID: 2573715171736678309, guid: cf45d6c53df9ca14e88e8ef3d6bb13ea,
        type: 3}
      propertyPath: m_fontAsset
      value: 
      objectReference: {fileID: 11400000, guid: cb376b7fe507346fba7de01abc22f36e,
        type: 2}
    - target: {fileID: 2573715171736678309, guid: cf45d6c53df9ca14e88e8ef3d6bb13ea,
        type: 3}
      propertyPath: m_sharedMaterial
      value: 
      objectReference: {fileID: 1647396239016332341, guid: cb376b7fe507346fba7de01abc22f36e,
        type: 2}
    - target: {fileID: 3048737852535406815, guid: cf45d6c53df9ca14e88e8ef3d6bb13ea,
        type: 3}
      propertyPath: m_fontAsset
      value: 
      objectReference: {fileID: 11400000, guid: cb376b7fe507346fba7de01abc22f36e,
        type: 2}
    - target: {fileID: 3048737852535406815, guid: cf45d6c53df9ca14e88e8ef3d6bb13ea,
        type: 3}
      propertyPath: m_sharedMaterial
      value: 
      objectReference: {fileID: 1647396239016332341, guid: cb376b7fe507346fba7de01abc22f36e,
        type: 2}
    - target: {fileID: 3138235659797044852, guid: cf45d6c53df9ca14e88e8ef3d6bb13ea,
        type: 3}
      propertyPath: m_fontAsset
      value: 
      objectReference: {fileID: 11400000, guid: cb376b7fe507346fba7de01abc22f36e,
        type: 2}
    - target: {fileID: 3138235659797044852, guid: cf45d6c53df9ca14e88e8ef3d6bb13ea,
        type: 3}
      propertyPath: m_sharedMaterial
      value: 
      objectReference: {fileID: 1647396239016332341, guid: cb376b7fe507346fba7de01abc22f36e,
        type: 2}
    - target: {fileID: 4076150241471602628, guid: cf45d6c53df9ca14e88e8ef3d6bb13ea,
        type: 3}
      propertyPath: OnClick.OnTrigger.SoundData.SoundName
      value: sfx_ui_bt_close
      objectReference: {fileID: 0}
    - target: {fileID: 4076150241471602628, guid: cf45d6c53df9ca14e88e8ef3d6bb13ea,
        type: 3}
      propertyPath: OnClick.OnTrigger.SoundData.SoundSource
      value: 2
      objectReference: {fileID: 0}
    - target: {fileID: 4076150241471602628, guid: cf45d6c53df9ca14e88e8ef3d6bb13ea,
        type: 3}
      propertyPath: OnClick.OnTrigger.Event.m_PersistentCalls.m_Calls.Array.data[0].m_Target
      value: 
      objectReference: {fileID: 7464082537890261057}
    - target: {fileID: 4229701066942512144, guid: cf45d6c53df9ca14e88e8ef3d6bb13ea,
        type: 3}
      propertyPath: m_Pivot.x
      value: 0.5
      objectReference: {fileID: 0}
    - target: {fileID: 4229701066942512144, guid: cf45d6c53df9ca14e88e8ef3d6bb13ea,
        type: 3}
      propertyPath: m_Pivot.y
      value: 0.5
      objectReference: {fileID: 0}
    - target: {fileID: 4229701066942512144, guid: cf45d6c53df9ca14e88e8ef3d6bb13ea,
        type: 3}
      propertyPath: m_RootOrder
      value: 2
      objectReference: {fileID: 0}
    - target: {fileID: 4229701066942512144, guid: cf45d6c53df9ca14e88e8ef3d6bb13ea,
        type: 3}
      propertyPath: m_AnchorMax.x
      value: 1
      objectReference: {fileID: 0}
    - target: {fileID: 4229701066942512144, guid: cf45d6c53df9ca14e88e8ef3d6bb13ea,
        type: 3}
      propertyPath: m_AnchorMax.y
      value: 1
      objectReference: {fileID: 0}
    - target: {fileID: 4229701066942512144, guid: cf45d6c53df9ca14e88e8ef3d6bb13ea,
        type: 3}
      propertyPath: m_AnchorMin.x
      value: 0
      objectReference: {fileID: 0}
    - target: {fileID: 4229701066942512144, guid: cf45d6c53df9ca14e88e8ef3d6bb13ea,
        type: 3}
      propertyPath: m_AnchorMin.y
      value: 0
      objectReference: {fileID: 0}
    - target: {fileID: 4229701066942512144, guid: cf45d6c53df9ca14e88e8ef3d6bb13ea,
        type: 3}
      propertyPath: m_SizeDelta.x
      value: 0
      objectReference: {fileID: 0}
    - target: {fileID: 4229701066942512144, guid: cf45d6c53df9ca14e88e8ef3d6bb13ea,
        type: 3}
      propertyPath: m_SizeDelta.y
      value: 0
      objectReference: {fileID: 0}
    - target: {fileID: 4229701066942512144, guid: cf45d6c53df9ca14e88e8ef3d6bb13ea,
        type: 3}
      propertyPath: m_LocalPosition.x
      value: 0
      objectReference: {fileID: 0}
    - target: {fileID: 4229701066942512144, guid: cf45d6c53df9ca14e88e8ef3d6bb13ea,
        type: 3}
      propertyPath: m_LocalPosition.y
      value: 0
      objectReference: {fileID: 0}
    - target: {fileID: 4229701066942512144, guid: cf45d6c53df9ca14e88e8ef3d6bb13ea,
        type: 3}
      propertyPath: m_LocalPosition.z
      value: 0
      objectReference: {fileID: 0}
    - target: {fileID: 4229701066942512144, guid: cf45d6c53df9ca14e88e8ef3d6bb13ea,
        type: 3}
      propertyPath: m_LocalRotation.w
      value: 1
      objectReference: {fileID: 0}
    - target: {fileID: 4229701066942512144, guid: cf45d6c53df9ca14e88e8ef3d6bb13ea,
        type: 3}
      propertyPath: m_LocalRotation.x
      value: 0
      objectReference: {fileID: 0}
    - target: {fileID: 4229701066942512144, guid: cf45d6c53df9ca14e88e8ef3d6bb13ea,
        type: 3}
      propertyPath: m_LocalRotation.y
      value: 0
      objectReference: {fileID: 0}
    - target: {fileID: 4229701066942512144, guid: cf45d6c53df9ca14e88e8ef3d6bb13ea,
        type: 3}
      propertyPath: m_LocalRotation.z
      value: 0
      objectReference: {fileID: 0}
    - target: {fileID: 4229701066942512144, guid: cf45d6c53df9ca14e88e8ef3d6bb13ea,
        type: 3}
      propertyPath: m_AnchoredPosition.x
      value: 0
      objectReference: {fileID: 0}
    - target: {fileID: 4229701066942512144, guid: cf45d6c53df9ca14e88e8ef3d6bb13ea,
        type: 3}
      propertyPath: m_AnchoredPosition.y
      value: 0
      objectReference: {fileID: 0}
    - target: {fileID: 4229701066942512144, guid: cf45d6c53df9ca14e88e8ef3d6bb13ea,
        type: 3}
      propertyPath: m_LocalEulerAnglesHint.x
      value: 0
      objectReference: {fileID: 0}
    - target: {fileID: 4229701066942512144, guid: cf45d6c53df9ca14e88e8ef3d6bb13ea,
        type: 3}
      propertyPath: m_LocalEulerAnglesHint.y
      value: 0
      objectReference: {fileID: 0}
    - target: {fileID: 4229701066942512144, guid: cf45d6c53df9ca14e88e8ef3d6bb13ea,
        type: 3}
      propertyPath: m_LocalEulerAnglesHint.z
      value: 0
      objectReference: {fileID: 0}
    - target: {fileID: 4663541984315753681, guid: cf45d6c53df9ca14e88e8ef3d6bb13ea,
        type: 3}
      propertyPath: m_fontAsset
      value: 
      objectReference: {fileID: 11400000, guid: cb376b7fe507346fba7de01abc22f36e,
        type: 2}
    - target: {fileID: 4663541984315753681, guid: cf45d6c53df9ca14e88e8ef3d6bb13ea,
        type: 3}
      propertyPath: m_sharedMaterial
      value: 
      objectReference: {fileID: 1647396239016332341, guid: cb376b7fe507346fba7de01abc22f36e,
        type: 2}
    - target: {fileID: 4739594708177305711, guid: cf45d6c53df9ca14e88e8ef3d6bb13ea,
        type: 3}
      propertyPath: m_fontAsset
      value: 
      objectReference: {fileID: 11400000, guid: cb376b7fe507346fba7de01abc22f36e,
        type: 2}
    - target: {fileID: 4739594708177305711, guid: cf45d6c53df9ca14e88e8ef3d6bb13ea,
        type: 3}
      propertyPath: m_sharedMaterial
      value: 
      objectReference: {fileID: 1647396239016332341, guid: cb376b7fe507346fba7de01abc22f36e,
        type: 2}
    - target: {fileID: 5142353996210756151, guid: cf45d6c53df9ca14e88e8ef3d6bb13ea,
        type: 3}
      propertyPath: m_fontAsset
      value: 
      objectReference: {fileID: 11400000, guid: cb376b7fe507346fba7de01abc22f36e,
        type: 2}
    - target: {fileID: 5142353996210756151, guid: cf45d6c53df9ca14e88e8ef3d6bb13ea,
        type: 3}
      propertyPath: m_sharedMaterial
      value: 
      objectReference: {fileID: 1647396239016332341, guid: cb376b7fe507346fba7de01abc22f36e,
        type: 2}
    - target: {fileID: 6598851190602050567, guid: cf45d6c53df9ca14e88e8ef3d6bb13ea,
        type: 3}
      propertyPath: onClick.m_PersistentCalls.m_Calls.Array.data[0].m_Target
      value: 
      objectReference: {fileID: 7721033281927880417}
    - target: {fileID: 6598851190602050567, guid: cf45d6c53df9ca14e88e8ef3d6bb13ea,
        type: 3}
      propertyPath: onClick.m_PersistentCalls.m_Calls.Array.data[0].m_MethodName
      value: OnClick
      objectReference: {fileID: 0}
    - target: {fileID: 7499676501388549618, guid: cf45d6c53df9ca14e88e8ef3d6bb13ea,
        type: 3}
      propertyPath: m_LocalScale.x
      value: 1
      objectReference: {fileID: 0}
    - target: {fileID: 7499676501388549618, guid: cf45d6c53df9ca14e88e8ef3d6bb13ea,
        type: 3}
      propertyPath: m_LocalScale.y
      value: 1
      objectReference: {fileID: 0}
    - target: {fileID: 7499676501388549618, guid: cf45d6c53df9ca14e88e8ef3d6bb13ea,
        type: 3}
      propertyPath: m_LocalScale.z
      value: 1
      objectReference: {fileID: 0}
    m_RemovedComponents:
    - {fileID: 4938530187536031898, guid: cf45d6c53df9ca14e88e8ef3d6bb13ea, type: 3}
  m_SourcePrefab: {fileID: 100100000, guid: cf45d6c53df9ca14e88e8ef3d6bb13ea, type: 3}
--- !u!1 &8568538184711550318 stripped
GameObject:
  m_CorrespondingSourceObject: {fileID: 3276652087669335875, guid: cf45d6c53df9ca14e88e8ef3d6bb13ea,
    type: 3}
  m_PrefabInstance: {fileID: 6597933579639493165}
  m_PrefabAsset: {fileID: 0}
--- !u!224 &3712274138691489759 stripped
RectTransform:
  m_CorrespondingSourceObject: {fileID: 7499676501388549618, guid: cf45d6c53df9ca14e88e8ef3d6bb13ea,
    type: 3}
  m_PrefabInstance: {fileID: 6597933579639493165}
  m_PrefabAsset: {fileID: 0}
--- !u!114 &7252958817505376609 stripped
MonoBehaviour:
  m_CorrespondingSourceObject: {fileID: 4555177992673389388, guid: cf45d6c53df9ca14e88e8ef3d6bb13ea,
    type: 3}
  m_PrefabInstance: {fileID: 6597933579639493165}
  m_PrefabAsset: {fileID: 0}
  m_GameObject: {fileID: 8568538184711550318}
  m_Enabled: 1
  m_EditorHideFlags: 0
  m_Script: {fileID: 11500000, guid: fe87c0e1cc204ed48ad3b37840f39efc, type: 3}
  m_Name: 
  m_EditorClassIdentifier: 
--- !u!225 &1039684317360817082 stripped
CanvasGroup:
  m_CorrespondingSourceObject: {fileID: 6196146882924679575, guid: cf45d6c53df9ca14e88e8ef3d6bb13ea,
    type: 3}
  m_PrefabInstance: {fileID: 6597933579639493165}
  m_PrefabAsset: {fileID: 0}
--- !u!114 &5566304605164061189 stripped
MonoBehaviour:
  m_CorrespondingSourceObject: {fileID: 1634785953805783080, guid: cf45d6c53df9ca14e88e8ef3d6bb13ea,
    type: 3}
  m_PrefabInstance: {fileID: 6597933579639493165}
  m_PrefabAsset: {fileID: 0}
  m_GameObject: {fileID: 0}
  m_Enabled: 1
  m_EditorHideFlags: 0
  m_Script: {fileID: 11500000, guid: f4688fdb7df04437aeb418b961361dc5, type: 3}
  m_Name: 
  m_EditorClassIdentifier: 
--- !u!114 &8205518177025757938 stripped
MonoBehaviour:
  m_CorrespondingSourceObject: {fileID: 3048737852535406815, guid: cf45d6c53df9ca14e88e8ef3d6bb13ea,
    type: 3}
  m_PrefabInstance: {fileID: 6597933579639493165}
  m_PrefabAsset: {fileID: 0}
  m_GameObject: {fileID: 0}
  m_Enabled: 1
  m_EditorHideFlags: 0
  m_Script: {fileID: 11500000, guid: f4688fdb7df04437aeb418b961361dc5, type: 3}
  m_Name: 
  m_EditorClassIdentifier: 
--- !u!1 &5421212078762801219 stripped
GameObject:
  m_CorrespondingSourceObject: {fileID: 1201495778904648302, guid: cf45d6c53df9ca14e88e8ef3d6bb13ea,
    type: 3}
  m_PrefabInstance: {fileID: 6597933579639493165}
  m_PrefabAsset: {fileID: 0}
--- !u!114 &8890398911562963043 stripped
MonoBehaviour:
  m_CorrespondingSourceObject: {fileID: 2373849000768064078, guid: cf45d6c53df9ca14e88e8ef3d6bb13ea,
    type: 3}
  m_PrefabInstance: {fileID: 6597933579639493165}
  m_PrefabAsset: {fileID: 0}
  m_GameObject: {fileID: 0}
  m_Enabled: 1
  m_EditorHideFlags: 0
  m_Script: {fileID: 11500000, guid: dc42784cf147c0c48a680349fa168899, type: 3}
  m_Name: 
  m_EditorClassIdentifier: 
--- !u!1 &4004317719624624258 stripped
GameObject:
  m_CorrespondingSourceObject: {fileID: 7782959449556105903, guid: cf45d6c53df9ca14e88e8ef3d6bb13ea,
    type: 3}
  m_PrefabInstance: {fileID: 6597933579639493165}
  m_PrefabAsset: {fileID: 0}
--- !u!114 &8174852954399356070 stripped
MonoBehaviour:
  m_CorrespondingSourceObject: {fileID: 3090165133441115787, guid: cf45d6c53df9ca14e88e8ef3d6bb13ea,
    type: 3}
  m_PrefabInstance: {fileID: 6597933579639493165}
  m_PrefabAsset: {fileID: 0}
  m_GameObject: {fileID: 4004317719624624258}
  m_Enabled: 1
  m_EditorHideFlags: 0
  m_Script: {fileID: 11500000, guid: 1adcbc1717cd40a2986c3661ec1c2a01, type: 3}
  m_Name: 
  m_EditorClassIdentifier: 
--- !u!114 &8657956918879157640 stripped
MonoBehaviour:
  m_CorrespondingSourceObject: {fileID: 2573715171736678309, guid: cf45d6c53df9ca14e88e8ef3d6bb13ea,
    type: 3}
  m_PrefabInstance: {fileID: 6597933579639493165}
  m_PrefabAsset: {fileID: 0}
  m_GameObject: {fileID: 0}
  m_Enabled: 1
  m_EditorHideFlags: 0
  m_Script: {fileID: 11500000, guid: f4688fdb7df04437aeb418b961361dc5, type: 3}
  m_Name: 
  m_EditorClassIdentifier: 
--- !u!1 &435652458800132290 stripped
GameObject:
  m_CorrespondingSourceObject: {fileID: 6745035686149497583, guid: cf45d6c53df9ca14e88e8ef3d6bb13ea,
    type: 3}
  m_PrefabInstance: {fileID: 6597933579639493165}
  m_PrefabAsset: {fileID: 0}
--- !u!224 &5528100421659249935 stripped
RectTransform:
  m_CorrespondingSourceObject: {fileID: 1668394174319648546, guid: cf45d6c53df9ca14e88e8ef3d6bb13ea,
    type: 3}
  m_PrefabInstance: {fileID: 6597933579639493165}
  m_PrefabAsset: {fileID: 0}
--- !u!224 &6999292112877022781 stripped
RectTransform:
  m_CorrespondingSourceObject: {fileID: 4229701066942512144, guid: cf45d6c53df9ca14e88e8ef3d6bb13ea,
    type: 3}
  m_PrefabInstance: {fileID: 6597933579639493165}
  m_PrefabAsset: {fileID: 0}
--- !u!114 &1957002173905262332 stripped
MonoBehaviour:
  m_CorrespondingSourceObject: {fileID: 4663541984315753681, guid: cf45d6c53df9ca14e88e8ef3d6bb13ea,
    type: 3}
  m_PrefabInstance: {fileID: 6597933579639493165}
  m_PrefabAsset: {fileID: 0}
  m_GameObject: {fileID: 0}
  m_Enabled: 1
  m_EditorHideFlags: 0
  m_Script: {fileID: 11500000, guid: f4688fdb7df04437aeb418b961361dc5, type: 3}
  m_Name: 
  m_EditorClassIdentifier: 
--- !u!223 &9156737371761881677 stripped
Canvas:
  m_CorrespondingSourceObject: {fileID: 2631181362364784736, guid: cf45d6c53df9ca14e88e8ef3d6bb13ea,
    type: 3}
  m_PrefabInstance: {fileID: 6597933579639493165}
  m_PrefabAsset: {fileID: 0}
