%YAML 1.1
%TAG !u! tag:unity3d.com,2011:
--- !u!1 &792856203120273991
GameObject:
  m_ObjectHideFlags: 0
  m_CorrespondingSourceObject: {fileID: 0}
  m_PrefabInstance: {fileID: 0}
  m_PrefabAsset: {fileID: 0}
  serializedVersion: 6
  m_Component:
  - component: {fileID: 1591829966695161298}
  m_Layer: 0
  m_Name: Lock
  m_TagString: Untagged
  m_Icon: {fileID: 0}
  m_NavMeshLayer: 0
  m_StaticEditorFlags: 0
  m_IsActive: 0
--- !u!224 &1591829966695161298
RectTransform:
  m_ObjectHideFlags: 0
  m_CorrespondingSourceObject: {fileID: 0}
  m_PrefabInstance: {fileID: 0}
  m_PrefabAsset: {fileID: 0}
  m_GameObject: {fileID: 792856203120273991}
  m_LocalRotation: {x: -0, y: -0, z: -0, w: 1}
  m_LocalPosition: {x: 0, y: 0, z: 0}
  m_LocalScale: {x: 1, y: 1, z: 1}
  m_Children:
  - {fileID: 8600915315195219582}
  - {fileID: 2416441555531586325}
  m_Father: {fileID: 1232681913164244381}
  m_RootOrder: 6
  m_LocalEulerAnglesHint: {x: 0, y: 0, z: 0}
  m_AnchorMin: {x: 0, y: 0.5}
  m_AnchorMax: {x: 0, y: 0.5}
  m_AnchoredPosition: {x: 60, y: 0}
  m_SizeDelta: {x: 100, y: 100}
  m_Pivot: {x: 0.5, y: 0.5}
--- !u!1 &1116272498209373239
GameObject:
  m_ObjectHideFlags: 0
  m_CorrespondingSourceObject: {fileID: 0}
  m_PrefabInstance: {fileID: 0}
  m_PrefabAsset: {fileID: 0}
  serializedVersion: 6
  m_Component:
  - component: {fileID: 6344860564510626783}
  - component: {fileID: 1892204826400682449}
  - component: {fileID: 5627803224896598121}
  - component: {fileID: 8713498792363836694}
  m_Layer: 0
  m_Name: Icon
  m_TagString: Untagged
  m_Icon: {fileID: 0}
  m_NavMeshLayer: 0
  m_StaticEditorFlags: 0
  m_IsActive: 1
--- !u!224 &6344860564510626783
RectTransform:
  m_ObjectHideFlags: 0
  m_CorrespondingSourceObject: {fileID: 0}
  m_PrefabInstance: {fileID: 0}
  m_PrefabAsset: {fileID: 0}
  m_GameObject: {fileID: 1116272498209373239}
  m_LocalRotation: {x: -0, y: -0, z: -0, w: 1}
  m_LocalPosition: {x: 0, y: 0, z: 0}
  m_LocalScale: {x: 1, y: 1, z: 1}
  m_Children: []
  m_Father: {fileID: 6345393156696867412}
  m_RootOrder: 0
  m_LocalEulerAnglesHint: {x: 0, y: 0, z: 0}
  m_AnchorMin: {x: 0.5, y: 0.5}
  m_AnchorMax: {x: 0.5, y: 0.5}
  m_AnchoredPosition: {x: 0, y: 0}
  m_SizeDelta: {x: 113, y: 118}
  m_Pivot: {x: 0.5, y: 0.5}
--- !u!222 &1892204826400682449
CanvasRenderer:
  m_ObjectHideFlags: 0
  m_CorrespondingSourceObject: {fileID: 0}
  m_PrefabInstance: {fileID: 0}
  m_PrefabAsset: {fileID: 0}
  m_GameObject: {fileID: 1116272498209373239}
  m_CullTransparentMesh: 0
--- !u!114 &5627803224896598121
MonoBehaviour:
  m_ObjectHideFlags: 0
  m_CorrespondingSourceObject: {fileID: 0}
  m_PrefabInstance: {fileID: 0}
  m_PrefabAsset: {fileID: 0}
  m_GameObject: {fileID: 1116272498209373239}
  m_Enabled: 1
  m_EditorHideFlags: 0
  m_Script: {fileID: 11500000, guid: fe87c0e1cc204ed48ad3b37840f39efc, type: 3}
  m_Name: 
  m_EditorClassIdentifier: 
  m_Material: {fileID: 0}
  m_Color: {r: 1, g: 1, b: 1, a: 1}
  m_RaycastTarget: 0
  m_RaycastPadding: {x: 0, y: 0, z: 0, w: 0}
  m_Maskable: 1
  m_OnCullStateChanged:
    m_PersistentCalls:
      m_Calls: []
  m_Sprite: {fileID: 21300000, guid: 4c9f9c96ce87a054ea74fabc1a19bf69, type: 3}
  m_Type: 0
  m_PreserveAspect: 0
  m_FillCenter: 1
  m_FillMethod: 4
  m_FillAmount: 1
  m_FillClockwise: 1
  m_FillOrigin: 0
  m_UseSpriteMesh: 0
  m_PixelsPerUnitMultiplier: 1
--- !u!114 &8713498792363836694
MonoBehaviour:
  m_ObjectHideFlags: 0
  m_CorrespondingSourceObject: {fileID: 0}
  m_PrefabInstance: {fileID: 0}
  m_PrefabAsset: {fileID: 0}
  m_GameObject: {fileID: 1116272498209373239}
  m_Enabled: 1
  m_EditorHideFlags: 0
  m_Script: {fileID: 11500000, guid: 4d0390bd8b8ffd640b34fe25065ff1df, type: 3}
  m_Name: 
  m_EditorClassIdentifier: 
  updateType: 0
  isSpeedBased: 0
  hasOnStart: 0
  hasOnPlay: 0
  hasOnUpdate: 0
  hasOnStepComplete: 0
  hasOnComplete: 0
  hasOnTweenCreated: 0
  hasOnRewind: 0
  onStart:
    m_PersistentCalls:
      m_Calls: []
  onPlay:
    m_PersistentCalls:
      m_Calls: []
  onUpdate:
    m_PersistentCalls:
      m_Calls: []
  onStepComplete:
    m_PersistentCalls:
      m_Calls: []
  onComplete:
    m_PersistentCalls:
      m_Calls: []
  onTweenCreated:
    m_PersistentCalls:
      m_Calls: []
  onRewind:
    m_PersistentCalls:
      m_Calls: []
  targetIsSelf: 1
  targetGO: {fileID: 0}
  tweenTargetIsTargetGO: 1
  delay: 0
  duration: 0.8
  easeType: 6
  easeCurve:
    serializedVersion: 2
    m_Curve:
    - serializedVersion: 3
      time: 0
      value: 0
      inSlope: 0
      outSlope: 0
      tangentMode: 0
      weightedMode: 0
      inWeight: 0
      outWeight: 0
    - serializedVersion: 3
      time: 1
      value: 1
      inSlope: 0
      outSlope: 0
      tangentMode: 0
      weightedMode: 0
      inWeight: 0
      outWeight: 0
    m_PreInfinity: 2
    m_PostInfinity: 2
    m_RotationOrder: 4
  loopType: 1
  loops: -1
  id: 
  isRelative: 1
  isFrom: 0
  isIndependentUpdate: 1
  autoKill: 1
  autoGenerate: 1
  isActive: 1
  isValid: 1
  target: {fileID: 6344860564510626783}
  animationType: 1
  targetType: 5
  forcedTargetType: 0
  autoPlay: 1
  useTargetAsV3: 0
  endValueFloat: 0
  endValueV3: {x: 0, y: 8, z: 0}
  endValueV2: {x: 0, y: 0}
  endValueColor: {r: 1, g: 1, b: 1, a: 1}
  endValueString: 
  endValueRect:
    serializedVersion: 2
    x: 0
    y: 0
    width: 0
    height: 0
  endValueTransform: {fileID: 0}
  optionalBool0: 0
  optionalBool1: 0
  optionalFloat0: 0
  optionalInt0: 0
  optionalRotationMode: 0
  optionalScrambleMode: 0
  optionalString: 
--- !u!1 &1681326012873425747
GameObject:
  m_ObjectHideFlags: 0
  m_CorrespondingSourceObject: {fileID: 0}
  m_PrefabInstance: {fileID: 0}
  m_PrefabAsset: {fileID: 0}
  serializedVersion: 6
  m_Component:
  - component: {fileID: 4081213956636832545}
  - component: {fileID: 1080624740154095687}
  - component: {fileID: 3889592665953629415}
  m_Layer: 0
  m_Name: Tip
  m_TagString: Untagged
  m_Icon: {fileID: 0}
  m_NavMeshLayer: 0
  m_StaticEditorFlags: 0
  m_IsActive: 1
--- !u!224 &4081213956636832545
RectTransform:
  m_ObjectHideFlags: 0
  m_CorrespondingSourceObject: {fileID: 0}
  m_PrefabInstance: {fileID: 0}
  m_PrefabAsset: {fileID: 0}
  m_GameObject: {fileID: 1681326012873425747}
  m_LocalRotation: {x: -0, y: -0, z: -0, w: 1}
  m_LocalPosition: {x: 0, y: 0, z: 0}
  m_LocalScale: {x: 1, y: 1, z: 1}
  m_Children: []
  m_Father: {fileID: 1232681913164244381}
  m_RootOrder: 5
  m_LocalEulerAnglesHint: {x: 0, y: 0, z: 0}
  m_AnchorMin: {x: 0, y: 0}
  m_AnchorMax: {x: 0, y: 0}
  m_AnchoredPosition: {x: 291, y: 28.223}
  m_SizeDelta: {x: 358.04926, y: 62.16881}
  m_Pivot: {x: 0.5, y: 0.5}
--- !u!222 &1080624740154095687
CanvasRenderer:
  m_ObjectHideFlags: 0
  m_CorrespondingSourceObject: {fileID: 0}
  m_PrefabInstance: {fileID: 0}
  m_PrefabAsset: {fileID: 0}
  m_GameObject: {fileID: 1681326012873425747}
  m_CullTransparentMesh: 0
--- !u!114 &3889592665953629415
MonoBehaviour:
  m_ObjectHideFlags: 0
  m_CorrespondingSourceObject: {fileID: 0}
  m_PrefabInstance: {fileID: 0}
  m_PrefabAsset: {fileID: 0}
  m_GameObject: {fileID: 1681326012873425747}
  m_Enabled: 1
  m_EditorHideFlags: 0
  m_Script: {fileID: 11500000, guid: f4688fdb7df04437aeb418b961361dc5, type: 3}
  m_Name: 
  m_EditorClassIdentifier: 
  m_Material: {fileID: 0}
  m_Color: {r: 1, g: 1, b: 1, a: 1}
  m_RaycastTarget: 0
  m_RaycastPadding: {x: 0, y: 0, z: 0, w: 0}
  m_Maskable: 1
  m_OnCullStateChanged:
    m_PersistentCalls:
      m_Calls: []
  m_text: "\uD06C\uACE0 \uC544\uB984\uB2E4\uC6B4 \uBBF8\uC0AC\uC77C"
  m_isRightToLeft: 0
  m_fontAsset: {fileID: 11400000, guid: cb376b7fe507346fba7de01abc22f36e, type: 2}
  m_sharedMaterial: {fileID: 1647396239016332341, guid: cb376b7fe507346fba7de01abc22f36e,
    type: 2}
  m_fontSharedMaterials: []
  m_fontMaterial: {fileID: 0}
  m_fontMaterials: []
  m_fontColor32:
    serializedVersion: 2
    rgba: 4278255360
  m_fontColor: {r: 0, g: 1, b: 0, a: 1}
  m_enableVertexGradient: 0
  m_colorMode: 3
  m_fontColorGradient:
    topLeft: {r: 1, g: 1, b: 1, a: 1}
    topRight: {r: 1, g: 1, b: 1, a: 1}
    bottomLeft: {r: 1, g: 1, b: 1, a: 1}
    bottomRight: {r: 1, g: 1, b: 1, a: 1}
  m_fontColorGradientPreset: {fileID: 0}
  m_spriteAsset: {fileID: 0}
  m_tintAllSprites: 0
  m_StyleSheet: {fileID: 0}
  m_TextStyleHashCode: -1183493901
  m_overrideHtmlColors: 0
  m_faceColor:
    serializedVersion: 2
    rgba: 4294967295
  m_fontSize: 18
  m_fontSizeBase: 18
  m_fontWeight: 400
  m_enableAutoSizing: 0
  m_fontSizeMin: 18
  m_fontSizeMax: 72
  m_fontStyle: 1
  m_HorizontalAlignment: 4
  m_VerticalAlignment: 512
  m_textAlignment: 65535
  m_characterSpacing: -5
  m_wordSpacing: 0
  m_lineSpacing: 0
  m_lineSpacingMax: 0
  m_paragraphSpacing: 0
  m_charWidthMaxAdj: 0
  m_enableWordWrapping: 1
  m_wordWrappingRatios: 0.4
  m_overflowMode: 0
  m_linkedTextComponent: {fileID: 0}
  parentLinkedComponent: {fileID: 0}
  m_enableKerning: 1
  m_enableExtraPadding: 0
  checkPaddingRequired: 0
  m_isRichText: 1
  m_parseCtrlCharacters: 1
  m_isOrthographic: 1
  m_isCullingEnabled: 0
  m_horizontalMapping: 0
  m_verticalMapping: 0
  m_uvLineOffset: 0
  m_geometrySortingOrder: 0
  m_IsTextObjectScaleStatic: 0
  m_VertexBufferAutoSizeReduction: 1
  m_useMaxVisibleDescender: 1
  m_pageToDisplay: 1
  m_margin: {x: 0, y: 0, z: 0, w: 0}
  m_isUsingLegacyAnimationComponent: 0
  m_isVolumetricText: 0
  m_hasFontAssetChanged: 0
  m_baseMaterial: {fileID: 0}
  m_maskOffset: {x: 0, y: 0, z: 0, w: 0}
--- !u!1 &2493392638293473907
GameObject:
  m_ObjectHideFlags: 0
  m_CorrespondingSourceObject: {fileID: 0}
  m_PrefabInstance: {fileID: 0}
  m_PrefabAsset: {fileID: 0}
  serializedVersion: 6
  m_Component:
  - component: {fileID: 2416441555531586325}
  - component: {fileID: 5287861619321693341}
  - component: {fileID: 513193520191992396}
  m_Layer: 0
  m_Name: Icon
  m_TagString: Untagged
  m_Icon: {fileID: 0}
  m_NavMeshLayer: 0
  m_StaticEditorFlags: 0
  m_IsActive: 1
--- !u!224 &2416441555531586325
RectTransform:
  m_ObjectHideFlags: 0
  m_CorrespondingSourceObject: {fileID: 0}
  m_PrefabInstance: {fileID: 0}
  m_PrefabAsset: {fileID: 0}
  m_GameObject: {fileID: 2493392638293473907}
  m_LocalRotation: {x: 0, y: 0, z: 0, w: 1}
  m_LocalPosition: {x: 0, y: 0, z: 0}
  m_LocalScale: {x: 1, y: 1, z: 1}
  m_Children: []
  m_Father: {fileID: 1591829966695161298}
  m_RootOrder: 1
  m_LocalEulerAnglesHint: {x: 0, y: 0, z: 0}
  m_AnchorMin: {x: 0.5, y: 0.5}
  m_AnchorMax: {x: 0.5, y: 0.5}
  m_AnchoredPosition: {x: 0, y: 0}
  m_SizeDelta: {x: 66, y: 73}
  m_Pivot: {x: 0.5, y: 0.5}
--- !u!222 &5287861619321693341
CanvasRenderer:
  m_ObjectHideFlags: 0
  m_CorrespondingSourceObject: {fileID: 0}
  m_PrefabInstance: {fileID: 0}
  m_PrefabAsset: {fileID: 0}
  m_GameObject: {fileID: 2493392638293473907}
  m_CullTransparentMesh: 0
--- !u!114 &513193520191992396
MonoBehaviour:
  m_ObjectHideFlags: 0
  m_CorrespondingSourceObject: {fileID: 0}
  m_PrefabInstance: {fileID: 0}
  m_PrefabAsset: {fileID: 0}
  m_GameObject: {fileID: 2493392638293473907}
  m_Enabled: 1
  m_EditorHideFlags: 0
  m_Script: {fileID: 11500000, guid: fe87c0e1cc204ed48ad3b37840f39efc, type: 3}
  m_Name: 
  m_EditorClassIdentifier: 
  m_Material: {fileID: 0}
  m_Color: {r: 1, g: 1, b: 1, a: 1}
  m_RaycastTarget: 0
  m_RaycastPadding: {x: 0, y: 0, z: 0, w: 0}
  m_Maskable: 1
  m_OnCullStateChanged:
    m_PersistentCalls:
      m_Calls: []
  m_Sprite: {fileID: 21300000, guid: da42c4456dd549d41bae45e932a188d5, type: 3}
  m_Type: 0
  m_PreserveAspect: 0
  m_FillCenter: 1
  m_FillMethod: 4
  m_FillAmount: 1
  m_FillClockwise: 1
  m_FillOrigin: 0
  m_UseSpriteMesh: 0
  m_PixelsPerUnitMultiplier: 1
--- !u!1 &3239684721871218997
GameObject:
  m_ObjectHideFlags: 0
  m_CorrespondingSourceObject: {fileID: 0}
  m_PrefabInstance: {fileID: 0}
  m_PrefabAsset: {fileID: 0}
  serializedVersion: 6
  m_Component:
  - component: {fileID: 2045192935607191290}
  - component: {fileID: 4836439406115010557}
  - component: {fileID: 2501580979973356918}
  m_Layer: 0
  m_Name: Value
  m_TagString: Untagged
  m_Icon: {fileID: 0}
  m_NavMeshLayer: 0
  m_StaticEditorFlags: 0
  m_IsActive: 1
--- !u!224 &2045192935607191290
RectTransform:
  m_ObjectHideFlags: 0
  m_CorrespondingSourceObject: {fileID: 0}
  m_PrefabInstance: {fileID: 0}
  m_PrefabAsset: {fileID: 0}
  m_GameObject: {fileID: 3239684721871218997}
  m_LocalRotation: {x: -0, y: -0, z: -0, w: 1}
  m_LocalPosition: {x: 0, y: 0, z: 0}
  m_LocalScale: {x: 1, y: 1, z: 1}
  m_Children: []
  m_Father: {fileID: 6501990536813214629}
  m_RootOrder: 1
  m_LocalEulerAnglesHint: {x: 0, y: 0, z: 0}
  m_AnchorMin: {x: 0.5, y: 0}
  m_AnchorMax: {x: 0.5, y: 1}
  m_AnchoredPosition: {x: 75.6, y: 0}
  m_SizeDelta: {x: 383.56897, y: 15.445854}
  m_Pivot: {x: 0.5, y: 0.5}
--- !u!222 &4836439406115010557
CanvasRenderer:
  m_ObjectHideFlags: 0
  m_CorrespondingSourceObject: {fileID: 0}
  m_PrefabInstance: {fileID: 0}
  m_PrefabAsset: {fileID: 0}
  m_GameObject: {fileID: 3239684721871218997}
  m_CullTransparentMesh: 0
--- !u!114 &2501580979973356918
MonoBehaviour:
  m_ObjectHideFlags: 0
  m_CorrespondingSourceObject: {fileID: 0}
  m_PrefabInstance: {fileID: 0}
  m_PrefabAsset: {fileID: 0}
  m_GameObject: {fileID: 3239684721871218997}
  m_Enabled: 1
  m_EditorHideFlags: 0
  m_Script: {fileID: 11500000, guid: f4688fdb7df04437aeb418b961361dc5, type: 3}
  m_Name: 
  m_EditorClassIdentifier: 
  m_Material: {fileID: 0}
  m_Color: {r: 1, g: 1, b: 1, a: 1}
  m_RaycastTarget: 0
  m_RaycastPadding: {x: 0, y: 0, z: 0, w: 0}
  m_Maskable: 1
  m_OnCullStateChanged:
    m_PersistentCalls:
      m_Calls: []
  m_text: 10000
  m_isRightToLeft: 0
  m_fontAsset: {fileID: 11400000, guid: cb376b7fe507346fba7de01abc22f36e, type: 2}
  m_sharedMaterial: {fileID: 1647396239016332341, guid: cb376b7fe507346fba7de01abc22f36e,
    type: 2}
  m_fontSharedMaterials: []
  m_fontMaterial: {fileID: 0}
  m_fontMaterials: []
  m_fontColor32:
    serializedVersion: 2
    rgba: 4294967295
  m_fontColor: {r: 1, g: 1, b: 1, a: 1}
  m_enableVertexGradient: 0
  m_colorMode: 3
  m_fontColorGradient:
    topLeft: {r: 1, g: 1, b: 1, a: 1}
    topRight: {r: 1, g: 1, b: 1, a: 1}
    bottomLeft: {r: 1, g: 1, b: 1, a: 1}
    bottomRight: {r: 1, g: 1, b: 1, a: 1}
  m_fontColorGradientPreset: {fileID: 0}
  m_spriteAsset: {fileID: 0}
  m_tintAllSprites: 0
  m_StyleSheet: {fileID: 0}
  m_TextStyleHashCode: -1183493901
  m_overrideHtmlColors: 0
  m_faceColor:
    serializedVersion: 2
    rgba: 4294967295
  m_fontSize: 18
  m_fontSizeBase: 18
  m_fontWeight: 400
  m_enableAutoSizing: 0
  m_fontSizeMin: 18
  m_fontSizeMax: 72
  m_fontStyle: 1
  m_HorizontalAlignment: 4
  m_VerticalAlignment: 512
  m_textAlignment: 65535
  m_characterSpacing: 0
  m_wordSpacing: 0
  m_lineSpacing: 0
  m_lineSpacingMax: 0
  m_paragraphSpacing: 0
  m_charWidthMaxAdj: 0
  m_enableWordWrapping: 1
  m_wordWrappingRatios: 0.4
  m_overflowMode: 0
  m_linkedTextComponent: {fileID: 0}
  parentLinkedComponent: {fileID: 0}
  m_enableKerning: 1
  m_enableExtraPadding: 0
  checkPaddingRequired: 0
  m_isRichText: 1
  m_parseCtrlCharacters: 1
  m_isOrthographic: 1
  m_isCullingEnabled: 0
  m_horizontalMapping: 0
  m_verticalMapping: 0
  m_uvLineOffset: 0
  m_geometrySortingOrder: 0
  m_IsTextObjectScaleStatic: 0
  m_VertexBufferAutoSizeReduction: 1
  m_useMaxVisibleDescender: 1
  m_pageToDisplay: 1
  m_margin: {x: 0, y: 0, z: 0, w: 0}
  m_isUsingLegacyAnimationComponent: 0
  m_isVolumetricText: 0
  m_hasFontAssetChanged: 0
  m_baseMaterial: {fileID: 0}
  m_maskOffset: {x: 0, y: 0, z: 0, w: 0}
--- !u!1 &4149789763872843357
GameObject:
  m_ObjectHideFlags: 0
  m_CorrespondingSourceObject: {fileID: 0}
  m_PrefabInstance: {fileID: 0}
  m_PrefabAsset: {fileID: 0}
  serializedVersion: 6
  m_Component:
  - component: {fileID: 7662132665665982498}
  - component: {fileID: 1545671047368897332}
  - component: {fileID: 5544390477483239062}
  m_Layer: 0
  m_Name: Name
  m_TagString: Untagged
  m_Icon: {fileID: 0}
  m_NavMeshLayer: 0
  m_StaticEditorFlags: 0
  m_IsActive: 1
--- !u!224 &7662132665665982498
RectTransform:
  m_ObjectHideFlags: 0
  m_CorrespondingSourceObject: {fileID: 0}
  m_PrefabInstance: {fileID: 0}
  m_PrefabAsset: {fileID: 0}
  m_GameObject: {fileID: 4149789763872843357}
  m_LocalRotation: {x: -0, y: -0, z: -0, w: 1}
  m_LocalPosition: {x: 0, y: 0, z: 0}
  m_LocalScale: {x: 1, y: 1, z: 1}
  m_Children: []
  m_Father: {fileID: 1232681913164244381}
  m_RootOrder: 3
  m_LocalEulerAnglesHint: {x: 0, y: 0, z: 0}
  m_AnchorMin: {x: 0, y: 1}
  m_AnchorMax: {x: 0, y: 1}
  m_AnchoredPosition: {x: 316.1, y: -29.1}
  m_SizeDelta: {x: 373.35614, y: 37.596863}
  m_Pivot: {x: 0.5, y: 0.5}
--- !u!222 &1545671047368897332
CanvasRenderer:
  m_ObjectHideFlags: 0
  m_CorrespondingSourceObject: {fileID: 0}
  m_PrefabInstance: {fileID: 0}
  m_PrefabAsset: {fileID: 0}
  m_GameObject: {fileID: 4149789763872843357}
  m_CullTransparentMesh: 0
--- !u!114 &5544390477483239062
MonoBehaviour:
  m_ObjectHideFlags: 0
  m_CorrespondingSourceObject: {fileID: 0}
  m_PrefabInstance: {fileID: 0}
  m_PrefabAsset: {fileID: 0}
  m_GameObject: {fileID: 4149789763872843357}
  m_Enabled: 1
  m_EditorHideFlags: 0
  m_Script: {fileID: 11500000, guid: f4688fdb7df04437aeb418b961361dc5, type: 3}
  m_Name: 
  m_EditorClassIdentifier: 
  m_Material: {fileID: 0}
  m_Color: {r: 1, g: 1, b: 1, a: 1}
  m_RaycastTarget: 0
  m_RaycastPadding: {x: 0, y: 0, z: 0, w: 0}
  m_Maskable: 1
  m_OnCullStateChanged:
    m_PersistentCalls:
      m_Calls: []
  m_text: "\uD06C\uACE0 \uC544\uB984\uB2E4\uC6B4 \uBBF8\uC0AC\uC77C"
  m_isRightToLeft: 0
  m_fontAsset: {fileID: 11400000, guid: cb376b7fe507346fba7de01abc22f36e, type: 2}
  m_sharedMaterial: {fileID: 1647396239016332341, guid: cb376b7fe507346fba7de01abc22f36e,
    type: 2}
  m_fontSharedMaterials: []
  m_fontMaterial: {fileID: 0}
  m_fontMaterials: []
  m_fontColor32:
    serializedVersion: 2
    rgba: 4278236415
  m_fontColor: {r: 1, g: 0.7058824, b: 0, a: 1}
  m_enableVertexGradient: 0
  m_colorMode: 3
  m_fontColorGradient:
    topLeft: {r: 1, g: 1, b: 1, a: 1}
    topRight: {r: 1, g: 1, b: 1, a: 1}
    bottomLeft: {r: 1, g: 1, b: 1, a: 1}
    bottomRight: {r: 1, g: 1, b: 1, a: 1}
  m_fontColorGradientPreset: {fileID: 0}
  m_spriteAsset: {fileID: 0}
  m_tintAllSprites: 0
  m_StyleSheet: {fileID: 0}
  m_TextStyleHashCode: -1183493901
  m_overrideHtmlColors: 0
  m_faceColor:
    serializedVersion: 2
    rgba: 4294967295
  m_fontSize: 20
  m_fontSizeBase: 20
  m_fontWeight: 400
  m_enableAutoSizing: 0
  m_fontSizeMin: 18
  m_fontSizeMax: 72
  m_fontStyle: 1
  m_HorizontalAlignment: 1
  m_VerticalAlignment: 512
  m_textAlignment: 65535
  m_characterSpacing: 0
  m_wordSpacing: 0
  m_lineSpacing: 0
  m_lineSpacingMax: 0
  m_paragraphSpacing: 0
  m_charWidthMaxAdj: 0
  m_enableWordWrapping: 1
  m_wordWrappingRatios: 0.4
  m_overflowMode: 0
  m_linkedTextComponent: {fileID: 0}
  parentLinkedComponent: {fileID: 0}
  m_enableKerning: 1
  m_enableExtraPadding: 0
  checkPaddingRequired: 0
  m_isRichText: 1
  m_parseCtrlCharacters: 1
  m_isOrthographic: 1
  m_isCullingEnabled: 0
  m_horizontalMapping: 0
  m_verticalMapping: 0
  m_uvLineOffset: 0
  m_geometrySortingOrder: 0
  m_IsTextObjectScaleStatic: 0
  m_VertexBufferAutoSizeReduction: 1
  m_useMaxVisibleDescender: 1
  m_pageToDisplay: 1
  m_margin: {x: 0, y: 0, z: 0, w: 0}
  m_isUsingLegacyAnimationComponent: 0
  m_isVolumetricText: 0
  m_hasFontAssetChanged: 0
  m_baseMaterial: {fileID: 0}
  m_maskOffset: {x: 0, y: 0, z: 0, w: 0}
--- !u!1 &4168057491260516164
GameObject:
  m_ObjectHideFlags: 0
  m_CorrespondingSourceObject: {fileID: 0}
  m_PrefabInstance: {fileID: 0}
  m_PrefabAsset: {fileID: 0}
  serializedVersion: 6
  m_Component:
  - component: {fileID: 1845454199348282826}
  - component: {fileID: 5612368470177498485}
  - component: {fileID: 8399876558318971293}
  m_Layer: 0
  m_Name: Name
  m_TagString: Untagged
  m_Icon: {fileID: 0}
  m_NavMeshLayer: 0
  m_StaticEditorFlags: 0
  m_IsActive: 1
--- !u!224 &1845454199348282826
RectTransform:
  m_ObjectHideFlags: 0
  m_CorrespondingSourceObject: {fileID: 0}
  m_PrefabInstance: {fileID: 0}
  m_PrefabAsset: {fileID: 0}
  m_GameObject: {fileID: 4168057491260516164}
  m_LocalRotation: {x: -0, y: -0, z: -0, w: 1}
  m_LocalPosition: {x: 0, y: 0, z: 0}
  m_LocalScale: {x: 1, y: 1, z: 1}
  m_Children: []
  m_Father: {fileID: 6501990536813214629}
  m_RootOrder: 0
  m_LocalEulerAnglesHint: {x: 0, y: 0, z: 0}
  m_AnchorMin: {x: 0.5, y: 0}
  m_AnchorMax: {x: 0.5, y: 1}
  m_AnchoredPosition: {x: 57.657715, y: -17}
  m_SizeDelta: {x: 271.5475, y: -34}
  m_Pivot: {x: 0.5, y: 0.5}
--- !u!222 &5612368470177498485
CanvasRenderer:
  m_ObjectHideFlags: 0
  m_CorrespondingSourceObject: {fileID: 0}
  m_PrefabInstance: {fileID: 0}
  m_PrefabAsset: {fileID: 0}
  m_GameObject: {fileID: 4168057491260516164}
  m_CullTransparentMesh: 0
--- !u!114 &8399876558318971293
MonoBehaviour:
  m_ObjectHideFlags: 0
  m_CorrespondingSourceObject: {fileID: 0}
  m_PrefabInstance: {fileID: 0}
  m_PrefabAsset: {fileID: 0}
  m_GameObject: {fileID: 4168057491260516164}
  m_Enabled: 1
  m_EditorHideFlags: 0
  m_Script: {fileID: 11500000, guid: f4688fdb7df04437aeb418b961361dc5, type: 3}
  m_Name: 
  m_EditorClassIdentifier: 
  m_Material: {fileID: 0}
  m_Color: {r: 1, g: 1, b: 1, a: 1}
  m_RaycastTarget: 0
  m_RaycastPadding: {x: 0, y: 0, z: 0, w: 0}
  m_Maskable: 1
  m_OnCullStateChanged:
    m_PersistentCalls:
      m_Calls: []
  m_text: "Da\xF1o mercenario de la fuerza a\xE9rea"
  m_isRightToLeft: 0
  m_fontAsset: {fileID: 11400000, guid: cb376b7fe507346fba7de01abc22f36e, type: 2}
  m_sharedMaterial: {fileID: 1647396239016332341, guid: cb376b7fe507346fba7de01abc22f36e,
    type: 2}
  m_fontSharedMaterials: []
  m_fontMaterial: {fileID: 0}
  m_fontMaterials: []
  m_fontColor32:
    serializedVersion: 2
    rgba: 4294967295
  m_fontColor: {r: 1, g: 1, b: 1, a: 1}
  m_enableVertexGradient: 0
  m_colorMode: 3
  m_fontColorGradient:
    topLeft: {r: 1, g: 1, b: 1, a: 1}
    topRight: {r: 1, g: 1, b: 1, a: 1}
    bottomLeft: {r: 1, g: 1, b: 1, a: 1}
    bottomRight: {r: 1, g: 1, b: 1, a: 1}
  m_fontColorGradientPreset: {fileID: 0}
  m_spriteAsset: {fileID: 0}
  m_tintAllSprites: 0
  m_StyleSheet: {fileID: 0}
  m_TextStyleHashCode: -1183493901
  m_overrideHtmlColors: 0
  m_faceColor:
    serializedVersion: 2
    rgba: 4294967295
  m_fontSize: 18
  m_fontSizeBase: 18
  m_fontWeight: 400
  m_enableAutoSizing: 0
  m_fontSizeMin: 18
  m_fontSizeMax: 72
  m_fontStyle: 1
  m_HorizontalAlignment: 1
  m_VerticalAlignment: 256
  m_textAlignment: 65535
  m_characterSpacing: 0
  m_wordSpacing: 0
  m_lineSpacing: -40
  m_lineSpacingMax: 0
  m_paragraphSpacing: 0
  m_charWidthMaxAdj: 0
  m_enableWordWrapping: 1
  m_wordWrappingRatios: 0.4
  m_overflowMode: 0
  m_linkedTextComponent: {fileID: 0}
  parentLinkedComponent: {fileID: 0}
  m_enableKerning: 1
  m_enableExtraPadding: 0
  checkPaddingRequired: 0
  m_isRichText: 1
  m_parseCtrlCharacters: 1
  m_isOrthographic: 1
  m_isCullingEnabled: 0
  m_horizontalMapping: 0
  m_verticalMapping: 0
  m_uvLineOffset: 0
  m_geometrySortingOrder: 0
  m_IsTextObjectScaleStatic: 0
  m_VertexBufferAutoSizeReduction: 1
  m_useMaxVisibleDescender: 1
  m_pageToDisplay: 1
  m_margin: {x: 0, y: 0, z: 0, w: 0}
  m_isUsingLegacyAnimationComponent: 0
  m_isVolumetricText: 0
  m_hasFontAssetChanged: 0
  m_baseMaterial: {fileID: 0}
  m_maskOffset: {x: 0, y: 0, z: 0, w: 0}
--- !u!1 &4806144602030961061
GameObject:
  m_ObjectHideFlags: 0
  m_CorrespondingSourceObject: {fileID: 0}
  m_PrefabInstance: {fileID: 0}
  m_PrefabAsset: {fileID: 0}
  serializedVersion: 6
  m_Component:
  - component: {fileID: 2459434355219012034}
  - component: {fileID: 2848067287429724439}
  - component: {fileID: 2085844285989782662}
  m_Layer: 0
  m_Name: Text
  m_TagString: Untagged
  m_Icon: {fileID: 0}
  m_NavMeshLayer: 0
  m_StaticEditorFlags: 0
  m_IsActive: 1
--- !u!224 &2459434355219012034
RectTransform:
  m_ObjectHideFlags: 0
  m_CorrespondingSourceObject: {fileID: 0}
  m_PrefabInstance: {fileID: 0}
  m_PrefabAsset: {fileID: 0}
  m_GameObject: {fileID: 4806144602030961061}
  m_LocalRotation: {x: -0, y: -0, z: -0, w: 1}
  m_LocalPosition: {x: 0, y: 0, z: 0}
  m_LocalScale: {x: 1.4925373, y: 1.4925373, z: 1}
  m_Children: []
  m_Father: {fileID: 454374111588398299}
  m_RootOrder: 0
  m_LocalEulerAnglesHint: {x: 0, y: 0, z: 0}
  m_AnchorMin: {x: 0.5, y: 0.5}
  m_AnchorMax: {x: 0.5, y: 0.5}
  m_AnchoredPosition: {x: 0.000030517578, y: 0}
  m_SizeDelta: {x: 379.4668, y: 56.045845}
  m_Pivot: {x: 0.5, y: 0.5}
--- !u!222 &2848067287429724439
CanvasRenderer:
  m_ObjectHideFlags: 0
  m_CorrespondingSourceObject: {fileID: 0}
  m_PrefabInstance: {fileID: 0}
  m_PrefabAsset: {fileID: 0}
  m_GameObject: {fileID: 4806144602030961061}
  m_CullTransparentMesh: 0
--- !u!114 &2085844285989782662
MonoBehaviour:
  m_ObjectHideFlags: 0
  m_CorrespondingSourceObject: {fileID: 0}
  m_PrefabInstance: {fileID: 0}
  m_PrefabAsset: {fileID: 0}
  m_GameObject: {fileID: 4806144602030961061}
  m_Enabled: 1
  m_EditorHideFlags: 0
  m_Script: {fileID: 11500000, guid: f4688fdb7df04437aeb418b961361dc5, type: 3}
  m_Name: 
  m_EditorClassIdentifier: 
  m_Material: {fileID: 0}
  m_Color: {r: 1, g: 1, b: 1, a: 1}
  m_RaycastTarget: 0
  m_RaycastPadding: {x: 0, y: 0, z: 0, w: 0}
  m_Maskable: 1
  m_OnCullStateChanged:
    m_PersistentCalls:
      m_Calls: []
  m_text: "\uCD5C\uB300 \uB808\uBCA8"
  m_isRightToLeft: 0
  m_fontAsset: {fileID: 11400000, guid: cb376b7fe507346fba7de01abc22f36e, type: 2}
  m_sharedMaterial: {fileID: 1647396239016332341, guid: cb376b7fe507346fba7de01abc22f36e,
    type: 2}
  m_fontSharedMaterials: []
  m_fontMaterial: {fileID: 0}
  m_fontMaterials: []
  m_fontColor32:
    serializedVersion: 2
    rgba: 4278255615
  m_fontColor: {r: 1, g: 1, b: 0, a: 1}
  m_enableVertexGradient: 0
  m_colorMode: 3
  m_fontColorGradient:
    topLeft: {r: 1, g: 1, b: 1, a: 1}
    topRight: {r: 1, g: 1, b: 1, a: 1}
    bottomLeft: {r: 1, g: 1, b: 1, a: 1}
    bottomRight: {r: 1, g: 1, b: 1, a: 1}
  m_fontColorGradientPreset: {fileID: 0}
  m_spriteAsset: {fileID: 0}
  m_tintAllSprites: 0
  m_StyleSheet: {fileID: 0}
  m_TextStyleHashCode: -1183493901
  m_overrideHtmlColors: 0
  m_faceColor:
    serializedVersion: 2
    rgba: 4294967295
  m_fontSize: 18
  m_fontSizeBase: 18
  m_fontWeight: 400
  m_enableAutoSizing: 0
  m_fontSizeMin: 18
  m_fontSizeMax: 72
  m_fontStyle: 1
  m_HorizontalAlignment: 2
  m_VerticalAlignment: 512
  m_textAlignment: 65535
  m_characterSpacing: 0
  m_wordSpacing: 0
  m_lineSpacing: 0
  m_lineSpacingMax: 0
  m_paragraphSpacing: 0
  m_charWidthMaxAdj: 0
  m_enableWordWrapping: 1
  m_wordWrappingRatios: 0.4
  m_overflowMode: 0
  m_linkedTextComponent: {fileID: 0}
  parentLinkedComponent: {fileID: 0}
  m_enableKerning: 1
  m_enableExtraPadding: 0
  checkPaddingRequired: 0
  m_isRichText: 1
  m_parseCtrlCharacters: 1
  m_isOrthographic: 1
  m_isCullingEnabled: 0
  m_horizontalMapping: 0
  m_verticalMapping: 0
  m_uvLineOffset: 0
  m_geometrySortingOrder: 0
  m_IsTextObjectScaleStatic: 0
  m_VertexBufferAutoSizeReduction: 1
  m_useMaxVisibleDescender: 1
  m_pageToDisplay: 1
  m_margin: {x: 0, y: 0, z: 0, w: 0}
  m_isUsingLegacyAnimationComponent: 0
  m_isVolumetricText: 0
  m_hasFontAssetChanged: 0
  m_baseMaterial: {fileID: 0}
  m_maskOffset: {x: 0, y: 0, z: 0, w: 0}
--- !u!1 &6398019469885110228
GameObject:
  m_ObjectHideFlags: 0
  m_CorrespondingSourceObject: {fileID: 0}
  m_PrefabInstance: {fileID: 0}
  m_PrefabAsset: {fileID: 0}
  serializedVersion: 6
  m_Component:
  - component: {fileID: 1232681913164244381}
  - component: {fileID: 4941615677653706875}
  - component: {fileID: 7356066696860539461}
  m_Layer: 0
  m_Name: Bazooka Upgrade Cell
  m_TagString: Untagged
  m_Icon: {fileID: 0}
  m_NavMeshLayer: 0
  m_StaticEditorFlags: 0
  m_IsActive: 1
--- !u!224 &1232681913164244381
RectTransform:
  m_ObjectHideFlags: 0
  m_CorrespondingSourceObject: {fileID: 0}
  m_PrefabInstance: {fileID: 0}
  m_PrefabAsset: {fileID: 0}
  m_GameObject: {fileID: 6398019469885110228}
  m_LocalRotation: {x: 0, y: 0, z: 0, w: 1}
  m_LocalPosition: {x: 0, y: 0, z: 0}
  m_LocalScale: {x: 1, y: 1, z: 1}
  m_Children:
  - {fileID: 7340627692987093387}
  - {fileID: 6345393156696867412}
  - {fileID: 6999096802400472451}
  - {fileID: 7662132665665982498}
  - {fileID: 6501990536813214629}
  - {fileID: 4081213956636832545}
  - {fileID: 1591829966695161298}
  - {fileID: 454374111588398299}
  - {fileID: 350524232192529614}
  - {fileID: 5559487236124709498}
  m_Father: {fileID: 0}
  m_RootOrder: 0
  m_LocalEulerAnglesHint: {x: 0, y: 0, z: 0}
  m_AnchorMin: {x: 0, y: 1}
  m_AnchorMax: {x: 1, y: 1}
  m_AnchoredPosition: {x: 1.71521, y: 0}
  m_SizeDelta: {x: -13.169624, y: 120.6}
  m_Pivot: {x: 0.5, y: 1}
--- !u!114 &4941615677653706875
MonoBehaviour:
  m_ObjectHideFlags: 0
  m_CorrespondingSourceObject: {fileID: 0}
  m_PrefabInstance: {fileID: 0}
  m_PrefabAsset: {fileID: 0}
  m_GameObject: {fileID: 6398019469885110228}
  m_Enabled: 1
  m_EditorHideFlags: 0
  m_Script: {fileID: 11500000, guid: ef499ea2b09e43f4b0fd2b1ec76850dd, type: 3}
  m_Name: 
  m_EditorClassIdentifier: 
  icon: {fileID: 5627803224896598121}
  levelText: {fileID: 7101820618315579671}
  nameText: {fileID: 5544390477483239062}
  descNameText: {fileID: 8399876558318971293}
  descValueText: {fileID: 2501580979973356918}
  tipText: {fileID: 3889592665953629415}
  locked: {fileID: 792856203120273991}
  buttonLocked: {fileID: 9168854938402597619}
  buttonLockText: {fileID: 2085844285989782662}
--- !u!114 &7356066696860539461
MonoBehaviour:
  m_ObjectHideFlags: 0
  m_CorrespondingSourceObject: {fileID: 0}
  m_PrefabInstance: {fileID: 0}
  m_PrefabAsset: {fileID: 0}
  m_GameObject: {fileID: 6398019469885110228}
  m_Enabled: 1
  m_EditorHideFlags: 0
  m_Script: {fileID: 11500000, guid: ff1a3749135b4fdaad95fc4fd41e32c6, type: 3}
  m_Name: 
  m_EditorClassIdentifier: 
  slot: {fileID: 4941615677653706875}
  buttons:
  - {fileID: 2368271243296721200}
  - {fileID: 6989464136094475307}
  - {fileID: 9164589070986009365}
--- !u!1 &6522417072244493534
GameObject:
  m_ObjectHideFlags: 0
  m_CorrespondingSourceObject: {fileID: 0}
  m_PrefabInstance: {fileID: 0}
  m_PrefabAsset: {fileID: 0}
  serializedVersion: 6
  m_Component:
  - component: {fileID: 7340627692987093387}
  - component: {fileID: 3903915298610532041}
  - component: {fileID: 8683877708438164991}
  m_Layer: 0
  m_Name: Bg
  m_TagString: Untagged
  m_Icon: {fileID: 0}
  m_NavMeshLayer: 0
  m_StaticEditorFlags: 0
  m_IsActive: 1
--- !u!224 &7340627692987093387
RectTransform:
  m_ObjectHideFlags: 0
  m_CorrespondingSourceObject: {fileID: 0}
  m_PrefabInstance: {fileID: 0}
  m_PrefabAsset: {fileID: 0}
  m_GameObject: {fileID: 6522417072244493534}
  m_LocalRotation: {x: 0, y: 0, z: 0, w: 1}
  m_LocalPosition: {x: 0, y: 0, z: 0}
  m_LocalScale: {x: 1, y: 1, z: 1}
  m_Children: []
  m_Father: {fileID: 1232681913164244381}
  m_RootOrder: 0
  m_LocalEulerAnglesHint: {x: 0, y: 0, z: 0}
  m_AnchorMin: {x: 0, y: 0}
  m_AnchorMax: {x: 1, y: 1}
  m_AnchoredPosition: {x: 0, y: 0}
  m_SizeDelta: {x: 0, y: 0}
  m_Pivot: {x: 0.5, y: 0.5}
--- !u!222 &3903915298610532041
CanvasRenderer:
  m_ObjectHideFlags: 0
  m_CorrespondingSourceObject: {fileID: 0}
  m_PrefabInstance: {fileID: 0}
  m_PrefabAsset: {fileID: 0}
  m_GameObject: {fileID: 6522417072244493534}
  m_CullTransparentMesh: 0
--- !u!114 &8683877708438164991
MonoBehaviour:
  m_ObjectHideFlags: 0
  m_CorrespondingSourceObject: {fileID: 0}
  m_PrefabInstance: {fileID: 0}
  m_PrefabAsset: {fileID: 0}
  m_GameObject: {fileID: 6522417072244493534}
  m_Enabled: 1
  m_EditorHideFlags: 0
  m_Script: {fileID: 11500000, guid: fe87c0e1cc204ed48ad3b37840f39efc, type: 3}
  m_Name: 
  m_EditorClassIdentifier: 
  m_Material: {fileID: 0}
  m_Color: {r: 1, g: 1, b: 1, a: 1}
  m_RaycastTarget: 1
  m_RaycastPadding: {x: 0, y: 0, z: 0, w: 0}
  m_Maskable: 1
  m_OnCullStateChanged:
    m_PersistentCalls:
      m_Calls: []
  m_Sprite: {fileID: 21300000, guid: 14028ab1c97ca2e4daebd2fded9e8afb, type: 3}
  m_Type: 1
  m_PreserveAspect: 0
  m_FillCenter: 1
  m_FillMethod: 4
  m_FillAmount: 1
  m_FillClockwise: 1
  m_FillOrigin: 0
  m_UseSpriteMesh: 0
  m_PixelsPerUnitMultiplier: 1.5
--- !u!1 &7152010331475760604
GameObject:
  m_ObjectHideFlags: 0
  m_CorrespondingSourceObject: {fileID: 0}
  m_PrefabInstance: {fileID: 0}
  m_PrefabAsset: {fileID: 0}
  serializedVersion: 6
  m_Component:
  - component: {fileID: 5559487236124709498}
  - component: {fileID: 8807302861556778971}
  - component: {fileID: 1939253900921727199}
  m_Layer: 0
  m_Name: Upgrade Multiple
  m_TagString: Untagged
  m_Icon: {fileID: 0}
  m_NavMeshLayer: 0
  m_StaticEditorFlags: 0
  m_IsActive: 0
--- !u!224 &5559487236124709498
RectTransform:
  m_ObjectHideFlags: 0
  m_CorrespondingSourceObject: {fileID: 0}
  m_PrefabInstance: {fileID: 0}
  m_PrefabAsset: {fileID: 0}
  m_GameObject: {fileID: 7152010331475760604}
  m_LocalRotation: {x: -0, y: -0, z: -0, w: 1}
  m_LocalPosition: {x: 0, y: 0, z: 0}
  m_LocalScale: {x: 1, y: 1, z: 1}
  m_Children:
  - {fileID: 829912070742277570}
  - {fileID: 4971715959586273749}
  - {fileID: 6570660593881417451}
  m_Father: {fileID: 1232681913164244381}
  m_RootOrder: 9
  m_LocalEulerAnglesHint: {x: 0, y: 0, z: 0}
  m_AnchorMin: {x: 1, y: 0.5}
  m_AnchorMax: {x: 1, y: 0.5}
  m_AnchoredPosition: {x: -313.26282, y: 0}
  m_SizeDelta: {x: 601.3656, y: 100}
  m_Pivot: {x: 0.5, y: 0.5}
--- !u!114 &8807302861556778971
MonoBehaviour:
  m_ObjectHideFlags: 0
  m_CorrespondingSourceObject: {fileID: 0}
  m_PrefabInstance: {fileID: 0}
  m_PrefabAsset: {fileID: 0}
  m_GameObject: {fileID: 7152010331475760604}
  m_Enabled: 1
  m_EditorHideFlags: 0
  m_Script: {fileID: 11500000, guid: 30649d3a9faa99c48a7b1166b86bf2a0, type: 3}
  m_Name: 
  m_EditorClassIdentifier: 
  m_Padding:
    m_Left: 0
    m_Right: 0
    m_Top: 0
    m_Bottom: 0
  m_ChildAlignment: 5
  m_Spacing: 0
  m_ChildForceExpandWidth: 0
  m_ChildForceExpandHeight: 1
  m_ChildControlWidth: 0
  m_ChildControlHeight: 0
  m_ChildScaleWidth: 0
  m_ChildScaleHeight: 0
  m_ReverseArrangement: 1
--- !u!114 &1939253900921727199
MonoBehaviour:
  m_ObjectHideFlags: 0
  m_CorrespondingSourceObject: {fileID: 0}
  m_PrefabInstance: {fileID: 0}
  m_PrefabAsset: {fileID: 0}
  m_GameObject: {fileID: 7152010331475760604}
  m_Enabled: 1
  m_EditorHideFlags: 0
  m_Script: {fileID: 11500000, guid: 1302db1769704266bfc21e6e4ebc7474, type: 3}
  m_Name: 
  m_EditorClassIdentifier: 
  target: {fileID: 7152010331475760604}
  delay: 3
--- !u!1 &7259921321624658281
GameObject:
  m_ObjectHideFlags: 0
  m_CorrespondingSourceObject: {fileID: 0}
  m_PrefabInstance: {fileID: 0}
  m_PrefabAsset: {fileID: 0}
  serializedVersion: 6
  m_Component:
  - component: {fileID: 6501990536813214629}
  m_Layer: 0
  m_Name: Desc
  m_TagString: Untagged
  m_Icon: {fileID: 0}
  m_NavMeshLayer: 0
  m_StaticEditorFlags: 0
  m_IsActive: 1
--- !u!224 &6501990536813214629
RectTransform:
  m_ObjectHideFlags: 0
  m_CorrespondingSourceObject: {fileID: 0}
  m_PrefabInstance: {fileID: 0}
  m_PrefabAsset: {fileID: 0}
  m_GameObject: {fileID: 7259921321624658281}
  m_LocalRotation: {x: -0, y: -0, z: -0, w: 1}
  m_LocalPosition: {x: 0, y: 0, z: 0}
  m_LocalScale: {x: 1, y: 1, z: 1}
  m_Children:
  - {fileID: 1845454199348282826}
  - {fileID: 2045192935607191290}
  m_Father: {fileID: 1232681913164244381}
  m_RootOrder: 4
  m_LocalEulerAnglesHint: {x: 0, y: 0, z: 0}
  m_AnchorMin: {x: 0, y: 1}
  m_AnchorMax: {x: 0, y: 1}
  m_AnchoredPosition: {x: 203.00102, y: -65}
  m_SizeDelta: {x: 100, y: 100}
  m_Pivot: {x: 0.5, y: 0.5}
--- !u!1 &8203014894096128802
GameObject:
  m_ObjectHideFlags: 0
  m_CorrespondingSourceObject: {fileID: 0}
  m_PrefabInstance: {fileID: 0}
  m_PrefabAsset: {fileID: 0}
  serializedVersion: 6
  m_Component:
  - component: {fileID: 8600915315195219582}
  - component: {fileID: 2290548356243730120}
  - component: {fileID: 665143712641216905}
  m_Layer: 0
  m_Name: Bg
  m_TagString: Untagged
  m_Icon: {fileID: 0}
  m_NavMeshLayer: 0
  m_StaticEditorFlags: 0
  m_IsActive: 1
--- !u!224 &8600915315195219582
RectTransform:
  m_ObjectHideFlags: 0
  m_CorrespondingSourceObject: {fileID: 0}
  m_PrefabInstance: {fileID: 0}
  m_PrefabAsset: {fileID: 0}
  m_GameObject: {fileID: 8203014894096128802}
  m_LocalRotation: {x: 0, y: 0, z: 0, w: 1}
  m_LocalPosition: {x: 0, y: 0, z: 0}
  m_LocalScale: {x: 1, y: 1, z: 1}
  m_Children: []
  m_Father: {fileID: 1591829966695161298}
  m_RootOrder: 0
  m_LocalEulerAnglesHint: {x: 0, y: 0, z: 0}
  m_AnchorMin: {x: 0.5, y: 0.5}
  m_AnchorMax: {x: 0.5, y: 0.5}
  m_AnchoredPosition: {x: 0, y: 0}
  m_SizeDelta: {x: 100, y: 100}
  m_Pivot: {x: 0.5, y: 0.5}
--- !u!222 &2290548356243730120
CanvasRenderer:
  m_ObjectHideFlags: 0
  m_CorrespondingSourceObject: {fileID: 0}
  m_PrefabInstance: {fileID: 0}
  m_PrefabAsset: {fileID: 0}
  m_GameObject: {fileID: 8203014894096128802}
  m_CullTransparentMesh: 0
--- !u!114 &665143712641216905
MonoBehaviour:
  m_ObjectHideFlags: 0
  m_CorrespondingSourceObject: {fileID: 0}
  m_PrefabInstance: {fileID: 0}
  m_PrefabAsset: {fileID: 0}
  m_GameObject: {fileID: 8203014894096128802}
  m_Enabled: 1
  m_EditorHideFlags: 0
  m_Script: {fileID: 11500000, guid: fe87c0e1cc204ed48ad3b37840f39efc, type: 3}
  m_Name: 
  m_EditorClassIdentifier: 
  m_Material: {fileID: 0}
  m_Color: {r: 0, g: 0, b: 0, a: 0.78431374}
  m_RaycastTarget: 0
  m_RaycastPadding: {x: 0, y: 0, z: 0, w: 0}
  m_Maskable: 1
  m_OnCullStateChanged:
    m_PersistentCalls:
      m_Calls: []
  m_Sprite: {fileID: 0}
  m_Type: 0
  m_PreserveAspect: 0
  m_FillCenter: 1
  m_FillMethod: 4
  m_FillAmount: 1
  m_FillClockwise: 1
  m_FillOrigin: 0
  m_UseSpriteMesh: 0
  m_PixelsPerUnitMultiplier: 1
--- !u!1 &8375385963254190846
GameObject:
  m_ObjectHideFlags: 0
  m_CorrespondingSourceObject: {fileID: 0}
  m_PrefabInstance: {fileID: 0}
  m_PrefabAsset: {fileID: 0}
  serializedVersion: 6
  m_Component:
  - component: {fileID: 6999096802400472451}
  - component: {fileID: 824231008986469671}
  - component: {fileID: 7101820618315579671}
  m_Layer: 0
  m_Name: Level
  m_TagString: Untagged
  m_Icon: {fileID: 0}
  m_NavMeshLayer: 0
  m_StaticEditorFlags: 0
  m_IsActive: 1
--- !u!224 &6999096802400472451
RectTransform:
  m_ObjectHideFlags: 0
  m_CorrespondingSourceObject: {fileID: 0}
  m_PrefabInstance: {fileID: 0}
  m_PrefabAsset: {fileID: 0}
  m_GameObject: {fileID: 8375385963254190846}
  m_LocalRotation: {x: -0, y: -0, z: -0, w: 1}
  m_LocalPosition: {x: 0, y: 0, z: 0}
  m_LocalScale: {x: 1, y: 1, z: 1}
  m_Children: []
  m_Father: {fileID: 1232681913164244381}
  m_RootOrder: 2
  m_LocalEulerAnglesHint: {x: 0, y: 0, z: 0}
  m_AnchorMin: {x: 0, y: 0}
  m_AnchorMax: {x: 0, y: 0}
  m_AnchoredPosition: {x: 82.600006, y: 35}
  m_SizeDelta: {x: 128, y: 46.710712}
  m_Pivot: {x: 0.5, y: 0.5}
--- !u!222 &824231008986469671
CanvasRenderer:
  m_ObjectHideFlags: 0
  m_CorrespondingSourceObject: {fileID: 0}
  m_PrefabInstance: {fileID: 0}
  m_PrefabAsset: {fileID: 0}
  m_GameObject: {fileID: 8375385963254190846}
  m_CullTransparentMesh: 0
--- !u!114 &7101820618315579671
MonoBehaviour:
  m_ObjectHideFlags: 0
  m_CorrespondingSourceObject: {fileID: 0}
  m_PrefabInstance: {fileID: 0}
  m_PrefabAsset: {fileID: 0}
  m_GameObject: {fileID: 8375385963254190846}
  m_Enabled: 1
  m_EditorHideFlags: 0
  m_Script: {fileID: 11500000, guid: f4688fdb7df04437aeb418b961361dc5, type: 3}
  m_Name: 
  m_EditorClassIdentifier: 
  m_Material: {fileID: 0}
  m_Color: {r: 1, g: 1, b: 1, a: 1}
  m_RaycastTarget: 0
  m_RaycastPadding: {x: 0, y: 0, z: 0, w: 0}
  m_Maskable: 1
  m_OnCullStateChanged:
    m_PersistentCalls:
      m_Calls: []
  m_text: Lv. 9999
  m_isRightToLeft: 0
  m_fontAsset: {fileID: 11400000, guid: cb376b7fe507346fba7de01abc22f36e, type: 2}
  m_sharedMaterial: {fileID: 1647396239016332341, guid: cb376b7fe507346fba7de01abc22f36e,
    type: 2}
  m_fontSharedMaterials: []
  m_fontMaterial: {fileID: 0}
  m_fontMaterials: []
  m_fontColor32:
    serializedVersion: 2
    rgba: 4278255615
  m_fontColor: {r: 1, g: 1, b: 0, a: 1}
  m_enableVertexGradient: 0
  m_colorMode: 3
  m_fontColorGradient:
    topLeft: {r: 1, g: 1, b: 1, a: 1}
    topRight: {r: 1, g: 1, b: 1, a: 1}
    bottomLeft: {r: 1, g: 1, b: 1, a: 1}
    bottomRight: {r: 1, g: 1, b: 1, a: 1}
  m_fontColorGradientPreset: {fileID: 0}
  m_spriteAsset: {fileID: 0}
  m_tintAllSprites: 0
  m_StyleSheet: {fileID: 0}
  m_TextStyleHashCode: -1183493901
  m_overrideHtmlColors: 0
  m_faceColor:
    serializedVersion: 2
    rgba: 4294967295
  m_fontSize: 20
  m_fontSizeBase: 20
  m_fontWeight: 400
  m_enableAutoSizing: 0
  m_fontSizeMin: 18
  m_fontSizeMax: 72
  m_fontStyle: 1
  m_HorizontalAlignment: 1
  m_VerticalAlignment: 1024
  m_textAlignment: 65535
  m_characterSpacing: -5
  m_wordSpacing: 0
  m_lineSpacing: 0
  m_lineSpacingMax: 0
  m_paragraphSpacing: 0
  m_charWidthMaxAdj: 0
  m_enableWordWrapping: 1
  m_wordWrappingRatios: 0.4
  m_overflowMode: 0
  m_linkedTextComponent: {fileID: 0}
  parentLinkedComponent: {fileID: 0}
  m_enableKerning: 1
  m_enableExtraPadding: 0
  checkPaddingRequired: 0
  m_isRichText: 1
  m_parseCtrlCharacters: 1
  m_isOrthographic: 1
  m_isCullingEnabled: 0
  m_horizontalMapping: 0
  m_verticalMapping: 0
  m_uvLineOffset: 0
  m_geometrySortingOrder: 0
  m_IsTextObjectScaleStatic: 0
  m_VertexBufferAutoSizeReduction: 1
  m_useMaxVisibleDescender: 1
  m_pageToDisplay: 1
  m_margin: {x: 0, y: 0, z: 0, w: 0}
  m_isUsingLegacyAnimationComponent: 0
  m_isVolumetricText: 0
  m_hasFontAssetChanged: 0
  m_baseMaterial: {fileID: 0}
  m_maskOffset: {x: 0, y: 0, z: 0, w: 0}
--- !u!1 &8484599774475085006
GameObject:
  m_ObjectHideFlags: 0
  m_CorrespondingSourceObject: {fileID: 0}
  m_PrefabInstance: {fileID: 0}
  m_PrefabAsset: {fileID: 0}
  serializedVersion: 6
  m_Component:
  - component: {fileID: 6345393156696867412}
  m_Layer: 0
  m_Name: Icon Scale
  m_TagString: Untagged
  m_Icon: {fileID: 0}
  m_NavMeshLayer: 0
  m_StaticEditorFlags: 0
  m_IsActive: 1
--- !u!224 &6345393156696867412
RectTransform:
  m_ObjectHideFlags: 0
  m_CorrespondingSourceObject: {fileID: 0}
  m_PrefabInstance: {fileID: 0}
  m_PrefabAsset: {fileID: 0}
  m_GameObject: {fileID: 8484599774475085006}
  m_LocalRotation: {x: -0, y: -0, z: -0, w: 1}
  m_LocalPosition: {x: 0, y: 0, z: 0}
  m_LocalScale: {x: 0.67, y: 0.67, z: 1}
  m_Children:
  - {fileID: 6344860564510626783}
  m_Father: {fileID: 1232681913164244381}
  m_RootOrder: 1
  m_LocalEulerAnglesHint: {x: 0, y: 0, z: 0}
  m_AnchorMin: {x: 0, y: 0.5}
  m_AnchorMax: {x: 0, y: 0.5}
  m_AnchoredPosition: {x: 63.46997, y: 0}
  m_SizeDelta: {x: 100, y: 100}
  m_Pivot: {x: 0.5, y: 0.5}
--- !u!1 &9168854938402597619
GameObject:
  m_ObjectHideFlags: 0
  m_CorrespondingSourceObject: {fileID: 0}
  m_PrefabInstance: {fileID: 0}
  m_PrefabAsset: {fileID: 0}
  serializedVersion: 6
  m_Component:
  - component: {fileID: 454374111588398299}
  m_Layer: 0
  m_Name: Button Lock
  m_TagString: Untagged
  m_Icon: {fileID: 0}
  m_NavMeshLayer: 0
  m_StaticEditorFlags: 0
  m_IsActive: 1
--- !u!224 &454374111588398299
RectTransform:
  m_ObjectHideFlags: 0
  m_CorrespondingSourceObject: {fileID: 0}
  m_PrefabInstance: {fileID: 0}
  m_PrefabAsset: {fileID: 0}
  m_GameObject: {fileID: 9168854938402597619}
  m_LocalRotation: {x: -0, y: -0, z: -0, w: 1}
  m_LocalPosition: {x: 0, y: 0, z: 0}
  m_LocalScale: {x: 0.67, y: 0.67, z: 1}
  m_Children:
  - {fileID: 2459434355219012034}
  m_Father: {fileID: 1232681913164244381}
  m_RootOrder: 7
  m_LocalEulerAnglesHint: {x: 0, y: 0, z: 0}
  m_AnchorMin: {x: 1, y: 0.5}
  m_AnchorMax: {x: 1, y: 0.5}
  m_AnchoredPosition: {x: -113.869995, y: 0}
  m_SizeDelta: {x: 100, y: 100}
  m_Pivot: {x: 0.5, y: 0.5}
--- !u!1001 &3072465077711635856
PrefabInstance:
  m_ObjectHideFlags: 0
  serializedVersion: 2
  m_Modification:
    m_TransformParent: {fileID: 5559487236124709498}
    m_Modifications:
    - target: {fileID: 3359366149078671893, guid: 2a2d085c6204b4e049201008cf54589d,
        type: 3}
      propertyPath: onClick.m_PersistentCalls.m_Calls.Array.size
      value: 2
      objectReference: {fileID: 0}
    - target: {fileID: 3359366149078671893, guid: 2a2d085c6204b4e049201008cf54589d,
        type: 3}
      propertyPath: onClick.m_PersistentCalls.m_Calls.Array.data[1].m_Mode
      value: 1
      objectReference: {fileID: 0}
    - target: {fileID: 3359366149078671893, guid: 2a2d085c6204b4e049201008cf54589d,
        type: 3}
      propertyPath: onClick.m_PersistentCalls.m_Calls.Array.data[1].m_Target
      value: 
      objectReference: {fileID: 1939253900921727199}
    - target: {fileID: 3359366149078671893, guid: 2a2d085c6204b4e049201008cf54589d,
        type: 3}
      propertyPath: onClick.m_PersistentCalls.m_Calls.Array.data[1].m_CallState
      value: 2
      objectReference: {fileID: 0}
    - target: {fileID: 3359366149078671893, guid: 2a2d085c6204b4e049201008cf54589d,
        type: 3}
      propertyPath: onClick.m_PersistentCalls.m_Calls.Array.data[1].m_MethodName
      value: Trigger
      objectReference: {fileID: 0}
    - target: {fileID: 3359366149078671893, guid: 2a2d085c6204b4e049201008cf54589d,
        type: 3}
      propertyPath: onClick.m_PersistentCalls.m_Calls.Array.data[1].m_TargetAssemblyTypeName
      value: Utils.AutoDelayHide, Assembly-CSharp
      objectReference: {fileID: 0}
    - target: {fileID: 3359366149078671893, guid: 2a2d085c6204b4e049201008cf54589d,
        type: 3}
      propertyPath: onClick.m_PersistentCalls.m_Calls.Array.data[1].m_Arguments.m_BoolArgument
      value: 0
      objectReference: {fileID: 0}
    - target: {fileID: 3359366149078671893, guid: 2a2d085c6204b4e049201008cf54589d,
        type: 3}
      propertyPath: onClick.m_PersistentCalls.m_Calls.Array.data[1].m_Arguments.m_ObjectArgumentAssemblyTypeName
      value: UnityEngine.Object, UnityEngine
      objectReference: {fileID: 0}
    - target: {fileID: 4974794099726850485, guid: 2a2d085c6204b4e049201008cf54589d,
        type: 3}
      propertyPath: key
      value: info_371
      objectReference: {fileID: 0}
    - target: {fileID: 5358164443785454011, guid: 2a2d085c6204b4e049201008cf54589d,
        type: 3}
      propertyPath: upgradeCount
      value: 10
      objectReference: {fileID: 0}
    - target: {fileID: 5435636200960899332, guid: 2a2d085c6204b4e049201008cf54589d,
        type: 3}
      propertyPath: m_Name
      value: Upgrade (10)
      objectReference: {fileID: 0}
    - target: {fileID: 5815114235275496893, guid: 2a2d085c6204b4e049201008cf54589d,
        type: 3}
      propertyPath: OnPointerUp.OnTrigger.Event.m_PersistentCalls.m_Calls.Array.data[0].m_MethodName
      value: StartDelayShow
      objectReference: {fileID: 0}
    - target: {fileID: 5815114235275496893, guid: 2a2d085c6204b4e049201008cf54589d,
        type: 3}
      propertyPath: OnPointerDown.OnTrigger.Event.m_PersistentCalls.m_Calls.Array.data[0].m_MethodName
      value: Stop
      objectReference: {fileID: 0}
    - target: {fileID: 5815114235275496893, guid: 2a2d085c6204b4e049201008cf54589d,
        type: 3}
      propertyPath: OnPointerExit.OnTrigger.Event.m_PersistentCalls.m_Calls.Array.data[0].m_MethodName
      value: StartDelayShow
      objectReference: {fileID: 0}
    - target: {fileID: 7952376071440841797, guid: 2a2d085c6204b4e049201008cf54589d,
        type: 3}
      propertyPath: m_Pivot.x
      value: 0.5
      objectReference: {fileID: 0}
    - target: {fileID: 7952376071440841797, guid: 2a2d085c6204b4e049201008cf54589d,
        type: 3}
      propertyPath: m_Pivot.y
      value: 0.5
      objectReference: {fileID: 0}
    - target: {fileID: 7952376071440841797, guid: 2a2d085c6204b4e049201008cf54589d,
        type: 3}
      propertyPath: m_RootOrder
      value: 1
      objectReference: {fileID: 0}
    - target: {fileID: 7952376071440841797, guid: 2a2d085c6204b4e049201008cf54589d,
        type: 3}
      propertyPath: m_AnchorMax.x
      value: 0
      objectReference: {fileID: 0}
    - target: {fileID: 7952376071440841797, guid: 2a2d085c6204b4e049201008cf54589d,
        type: 3}
      propertyPath: m_AnchorMax.y
      value: 1
      objectReference: {fileID: 0}
    - target: {fileID: 7952376071440841797, guid: 2a2d085c6204b4e049201008cf54589d,
        type: 3}
      propertyPath: m_AnchorMin.x
      value: 0
      objectReference: {fileID: 0}
    - target: {fileID: 7952376071440841797, guid: 2a2d085c6204b4e049201008cf54589d,
        type: 3}
      propertyPath: m_AnchorMin.y
      value: 1
      objectReference: {fileID: 0}
    - target: {fileID: 7952376071440841797, guid: 2a2d085c6204b4e049201008cf54589d,
        type: 3}
      propertyPath: m_SizeDelta.x
      value: 190
      objectReference: {fileID: 0}
    - target: {fileID: 7952376071440841797, guid: 2a2d085c6204b4e049201008cf54589d,
        type: 3}
      propertyPath: m_SizeDelta.y
      value: 100
      objectReference: {fileID: 0}
    - target: {fileID: 7952376071440841797, guid: 2a2d085c6204b4e049201008cf54589d,
        type: 3}
      propertyPath: m_LocalPosition.x
      value: 0
      objectReference: {fileID: 0}
    - target: {fileID: 7952376071440841797, guid: 2a2d085c6204b4e049201008cf54589d,
        type: 3}
      propertyPath: m_LocalPosition.y
      value: 0
      objectReference: {fileID: 0}
    - target: {fileID: 7952376071440841797, guid: 2a2d085c6204b4e049201008cf54589d,
        type: 3}
      propertyPath: m_LocalPosition.z
      value: 0
      objectReference: {fileID: 0}
    - target: {fileID: 7952376071440841797, guid: 2a2d085c6204b4e049201008cf54589d,
        type: 3}
      propertyPath: m_LocalRotation.w
      value: 1
      objectReference: {fileID: 0}
    - target: {fileID: 7952376071440841797, guid: 2a2d085c6204b4e049201008cf54589d,
        type: 3}
      propertyPath: m_LocalRotation.x
      value: 0
      objectReference: {fileID: 0}
    - target: {fileID: 7952376071440841797, guid: 2a2d085c6204b4e049201008cf54589d,
        type: 3}
      propertyPath: m_LocalRotation.y
      value: 0
      objectReference: {fileID: 0}
    - target: {fileID: 7952376071440841797, guid: 2a2d085c6204b4e049201008cf54589d,
        type: 3}
      propertyPath: m_LocalRotation.z
      value: 0
      objectReference: {fileID: 0}
    - target: {fileID: 7952376071440841797, guid: 2a2d085c6204b4e049201008cf54589d,
        type: 3}
      propertyPath: m_AnchoredPosition.x
      value: 316
      objectReference: {fileID: 0}
    - target: {fileID: 7952376071440841797, guid: 2a2d085c6204b4e049201008cf54589d,
        type: 3}
      propertyPath: m_AnchoredPosition.y
      value: -50
      objectReference: {fileID: 0}
    - target: {fileID: 7952376071440841797, guid: 2a2d085c6204b4e049201008cf54589d,
        type: 3}
      propertyPath: m_LocalEulerAnglesHint.x
      value: 0
      objectReference: {fileID: 0}
    - target: {fileID: 7952376071440841797, guid: 2a2d085c6204b4e049201008cf54589d,
        type: 3}
      propertyPath: m_LocalEulerAnglesHint.y
      value: 0
      objectReference: {fileID: 0}
    - target: {fileID: 7952376071440841797, guid: 2a2d085c6204b4e049201008cf54589d,
        type: 3}
      propertyPath: m_LocalEulerAnglesHint.z
      value: 0
      objectReference: {fileID: 0}
    - target: {fileID: 9005071076399242882, guid: 2a2d085c6204b4e049201008cf54589d,
        type: 3}
      propertyPath: show
      value: 0
      objectReference: {fileID: 0}
    - target: {fileID: 9005071076399242882, guid: 2a2d085c6204b4e049201008cf54589d,
        type: 3}
      propertyPath: target
      value: 
      objectReference: {fileID: 7152010331475760604}
    - target: {fileID: 9005071076399242882, guid: 2a2d085c6204b4e049201008cf54589d,
        type: 3}
      propertyPath: destroyBeforeTask
      value: 1
      objectReference: {fileID: 0}
    - target: {fileID: 9025844701450558429, guid: 2a2d085c6204b4e049201008cf54589d,
        type: 3}
      propertyPath: target
      value: 
      objectReference: {fileID: 7152010331475760604}
    - target: {fileID: 9025844701450558429, guid: 2a2d085c6204b4e049201008cf54589d,
        type: 3}
      propertyPath: overwriteBeforeDelay
      value: 1
      objectReference: {fileID: 0}
    m_RemovedComponents: []
  m_SourcePrefab: {fileID: 100100000, guid: 2a2d085c6204b4e049201008cf54589d, type: 3}
--- !u!224 &4971715959586273749 stripped
RectTransform:
  m_CorrespondingSourceObject: {fileID: 7952376071440841797, guid: 2a2d085c6204b4e049201008cf54589d,
    type: 3}
  m_PrefabInstance: {fileID: 3072465077711635856}
  m_PrefabAsset: {fileID: 0}
--- !u!114 &6989464136094475307 stripped
MonoBehaviour:
  m_CorrespondingSourceObject: {fileID: 5358164443785454011, guid: 2a2d085c6204b4e049201008cf54589d,
    type: 3}
  m_PrefabInstance: {fileID: 3072465077711635856}
  m_PrefabAsset: {fileID: 0}
  m_GameObject: {fileID: 0}
  m_Enabled: 1
  m_EditorHideFlags: 0
  m_Script: {fileID: 11500000, guid: 47d8ef5bb9a94f62a2dde766e00ca858, type: 3}
  m_Name: 
  m_EditorClassIdentifier: 
--- !u!1001 &3851473886583044782
PrefabInstance:
  m_ObjectHideFlags: 0
  serializedVersion: 2
  m_Modification:
    m_TransformParent: {fileID: 5559487236124709498}
    m_Modifications:
    - target: {fileID: 3359366149078671893, guid: 2a2d085c6204b4e049201008cf54589d,
        type: 3}
      propertyPath: onClick.m_PersistentCalls.m_Calls.Array.size
      value: 2
      objectReference: {fileID: 0}
    - target: {fileID: 3359366149078671893, guid: 2a2d085c6204b4e049201008cf54589d,
        type: 3}
      propertyPath: onClick.m_PersistentCalls.m_Calls.Array.data[1].m_Mode
      value: 1
      objectReference: {fileID: 0}
    - target: {fileID: 3359366149078671893, guid: 2a2d085c6204b4e049201008cf54589d,
        type: 3}
      propertyPath: onClick.m_PersistentCalls.m_Calls.Array.data[2].m_Mode
      value: 0
      objectReference: {fileID: 0}
    - target: {fileID: 3359366149078671893, guid: 2a2d085c6204b4e049201008cf54589d,
        type: 3}
      propertyPath: onClick.m_PersistentCalls.m_Calls.Array.data[1].m_Target
      value: 
      objectReference: {fileID: 1939253900921727199}
    - target: {fileID: 3359366149078671893, guid: 2a2d085c6204b4e049201008cf54589d,
        type: 3}
      propertyPath: onClick.m_PersistentCalls.m_Calls.Array.data[2].m_Target
      value: 
      objectReference: {fileID: 0}
    - target: {fileID: 3359366149078671893, guid: 2a2d085c6204b4e049201008cf54589d,
        type: 3}
      propertyPath: onClick.m_PersistentCalls.m_Calls.Array.data[1].m_CallState
      value: 2
      objectReference: {fileID: 0}
    - target: {fileID: 3359366149078671893, guid: 2a2d085c6204b4e049201008cf54589d,
        type: 3}
      propertyPath: onClick.m_PersistentCalls.m_Calls.Array.data[2].m_CallState
      value: 0
      objectReference: {fileID: 0}
    - target: {fileID: 3359366149078671893, guid: 2a2d085c6204b4e049201008cf54589d,
        type: 3}
      propertyPath: onClick.m_PersistentCalls.m_Calls.Array.data[1].m_MethodName
      value: Trigger
      objectReference: {fileID: 0}
    - target: {fileID: 3359366149078671893, guid: 2a2d085c6204b4e049201008cf54589d,
        type: 3}
      propertyPath: onClick.m_PersistentCalls.m_Calls.Array.data[2].m_MethodName
      value: 
      objectReference: {fileID: 0}
    - target: {fileID: 3359366149078671893, guid: 2a2d085c6204b4e049201008cf54589d,
        type: 3}
      propertyPath: onClick.m_PersistentCalls.m_Calls.Array.data[1].m_TargetAssemblyTypeName
      value: Utils.AutoDelayHide, Assembly-CSharp
      objectReference: {fileID: 0}
    - target: {fileID: 3359366149078671893, guid: 2a2d085c6204b4e049201008cf54589d,
        type: 3}
      propertyPath: onClick.m_PersistentCalls.m_Calls.Array.data[2].m_TargetAssemblyTypeName
      value: 
      objectReference: {fileID: 0}
    - target: {fileID: 3359366149078671893, guid: 2a2d085c6204b4e049201008cf54589d,
        type: 3}
      propertyPath: onClick.m_PersistentCalls.m_Calls.Array.data[1].m_Arguments.m_BoolArgument
      value: 0
      objectReference: {fileID: 0}
    - target: {fileID: 3359366149078671893, guid: 2a2d085c6204b4e049201008cf54589d,
        type: 3}
      propertyPath: onClick.m_PersistentCalls.m_Calls.Array.data[2].m_Arguments.m_BoolArgument
      value: 0
      objectReference: {fileID: 0}
    - target: {fileID: 3359366149078671893, guid: 2a2d085c6204b4e049201008cf54589d,
        type: 3}
      propertyPath: onClick.m_PersistentCalls.m_Calls.Array.data[1].m_Arguments.m_ObjectArgumentAssemblyTypeName
      value: UnityEngine.Object, UnityEngine
      objectReference: {fileID: 0}
    - target: {fileID: 3359366149078671893, guid: 2a2d085c6204b4e049201008cf54589d,
        type: 3}
      propertyPath: onClick.m_PersistentCalls.m_Calls.Array.data[2].m_Arguments.m_ObjectArgumentAssemblyTypeName
      value: 
      objectReference: {fileID: 0}
    - target: {fileID: 4974794099726850485, guid: 2a2d085c6204b4e049201008cf54589d,
        type: 3}
      propertyPath: key
      value: info_372
      objectReference: {fileID: 0}
    - target: {fileID: 5358164443785454011, guid: 2a2d085c6204b4e049201008cf54589d,
        type: 3}
      propertyPath: upgradeCount
      value: 100
      objectReference: {fileID: 0}
    - target: {fileID: 5435636200960899332, guid: 2a2d085c6204b4e049201008cf54589d,
        type: 3}
      propertyPath: m_Name
      value: Upgrade (100)
      objectReference: {fileID: 0}
    - target: {fileID: 5815114235275496893, guid: 2a2d085c6204b4e049201008cf54589d,
        type: 3}
      propertyPath: OnPointerUp.OnTrigger.Event.m_PersistentCalls.m_Calls.Array.data[0].m_MethodName
      value: StartDelayShow
      objectReference: {fileID: 0}
    - target: {fileID: 5815114235275496893, guid: 2a2d085c6204b4e049201008cf54589d,
        type: 3}
      propertyPath: OnPointerDown.OnTrigger.Event.m_PersistentCalls.m_Calls.Array.data[0].m_MethodName
      value: Stop
      objectReference: {fileID: 0}
    - target: {fileID: 5815114235275496893, guid: 2a2d085c6204b4e049201008cf54589d,
        type: 3}
      propertyPath: OnPointerExit.OnTrigger.Event.m_PersistentCalls.m_Calls.Array.data[0].m_MethodName
      value: StartDelayShow
      objectReference: {fileID: 0}
    - target: {fileID: 7952376071440841797, guid: 2a2d085c6204b4e049201008cf54589d,
        type: 3}
      propertyPath: m_Pivot.x
      value: 0.5
      objectReference: {fileID: 0}
    - target: {fileID: 7952376071440841797, guid: 2a2d085c6204b4e049201008cf54589d,
        type: 3}
      propertyPath: m_Pivot.y
      value: 0.5
      objectReference: {fileID: 0}
    - target: {fileID: 7952376071440841797, guid: 2a2d085c6204b4e049201008cf54589d,
        type: 3}
      propertyPath: m_RootOrder
      value: 2
      objectReference: {fileID: 0}
    - target: {fileID: 7952376071440841797, guid: 2a2d085c6204b4e049201008cf54589d,
        type: 3}
      propertyPath: m_AnchorMax.x
      value: 0
      objectReference: {fileID: 0}
    - target: {fileID: 7952376071440841797, guid: 2a2d085c6204b4e049201008cf54589d,
        type: 3}
      propertyPath: m_AnchorMax.y
      value: 1
      objectReference: {fileID: 0}
    - target: {fileID: 7952376071440841797, guid: 2a2d085c6204b4e049201008cf54589d,
        type: 3}
      propertyPath: m_AnchorMin.x
      value: 0
      objectReference: {fileID: 0}
    - target: {fileID: 7952376071440841797, guid: 2a2d085c6204b4e049201008cf54589d,
        type: 3}
      propertyPath: m_AnchorMin.y
      value: 1
      objectReference: {fileID: 0}
    - target: {fileID: 7952376071440841797, guid: 2a2d085c6204b4e049201008cf54589d,
        type: 3}
      propertyPath: m_SizeDelta.x
      value: 190
      objectReference: {fileID: 0}
    - target: {fileID: 7952376071440841797, guid: 2a2d085c6204b4e049201008cf54589d,
        type: 3}
      propertyPath: m_SizeDelta.y
      value: 100
      objectReference: {fileID: 0}
    - target: {fileID: 7952376071440841797, guid: 2a2d085c6204b4e049201008cf54589d,
        type: 3}
      propertyPath: m_LocalPosition.x
      value: 0
      objectReference: {fileID: 0}
    - target: {fileID: 7952376071440841797, guid: 2a2d085c6204b4e049201008cf54589d,
        type: 3}
      propertyPath: m_LocalPosition.y
      value: 0
      objectReference: {fileID: 0}
    - target: {fileID: 7952376071440841797, guid: 2a2d085c6204b4e049201008cf54589d,
        type: 3}
      propertyPath: m_LocalPosition.z
      value: 0
      objectReference: {fileID: 0}
    - target: {fileID: 7952376071440841797, guid: 2a2d085c6204b4e049201008cf54589d,
        type: 3}
      propertyPath: m_LocalRotation.w
      value: 1
      objectReference: {fileID: 0}
    - target: {fileID: 7952376071440841797, guid: 2a2d085c6204b4e049201008cf54589d,
        type: 3}
      propertyPath: m_LocalRotation.x
      value: 0
      objectReference: {fileID: 0}
    - target: {fileID: 7952376071440841797, guid: 2a2d085c6204b4e049201008cf54589d,
        type: 3}
      propertyPath: m_LocalRotation.y
      value: 0
      objectReference: {fileID: 0}
    - target: {fileID: 7952376071440841797, guid: 2a2d085c6204b4e049201008cf54589d,
        type: 3}
      propertyPath: m_LocalRotation.z
      value: 0
      objectReference: {fileID: 0}
    - target: {fileID: 7952376071440841797, guid: 2a2d085c6204b4e049201008cf54589d,
        type: 3}
      propertyPath: m_AnchoredPosition.x
      value: 126
      objectReference: {fileID: 0}
    - target: {fileID: 7952376071440841797, guid: 2a2d085c6204b4e049201008cf54589d,
        type: 3}
      propertyPath: m_AnchoredPosition.y
      value: -50
      objectReference: {fileID: 0}
    - target: {fileID: 7952376071440841797, guid: 2a2d085c6204b4e049201008cf54589d,
        type: 3}
      propertyPath: m_LocalEulerAnglesHint.x
      value: 0
      objectReference: {fileID: 0}
    - target: {fileID: 7952376071440841797, guid: 2a2d085c6204b4e049201008cf54589d,
        type: 3}
      propertyPath: m_LocalEulerAnglesHint.y
      value: 0
      objectReference: {fileID: 0}
    - target: {fileID: 7952376071440841797, guid: 2a2d085c6204b4e049201008cf54589d,
        type: 3}
      propertyPath: m_LocalEulerAnglesHint.z
      value: 0
      objectReference: {fileID: 0}
    - target: {fileID: 9005071076399242882, guid: 2a2d085c6204b4e049201008cf54589d,
        type: 3}
      propertyPath: show
      value: 0
      objectReference: {fileID: 0}
    - target: {fileID: 9005071076399242882, guid: 2a2d085c6204b4e049201008cf54589d,
        type: 3}
      propertyPath: target
      value: 
      objectReference: {fileID: 7152010331475760604}
    - target: {fileID: 9005071076399242882, guid: 2a2d085c6204b4e049201008cf54589d,
        type: 3}
      propertyPath: destroyBeforeTask
      value: 1
      objectReference: {fileID: 0}
    - target: {fileID: 9025844701450558429, guid: 2a2d085c6204b4e049201008cf54589d,
        type: 3}
      propertyPath: target
      value: 
      objectReference: {fileID: 7152010331475760604}
    - target: {fileID: 9025844701450558429, guid: 2a2d085c6204b4e049201008cf54589d,
        type: 3}
      propertyPath: overwriteBeforeDelay
      value: 1
      objectReference: {fileID: 0}
    m_RemovedComponents: []
  m_SourcePrefab: {fileID: 100100000, guid: 2a2d085c6204b4e049201008cf54589d, type: 3}
--- !u!224 &6570660593881417451 stripped
RectTransform:
  m_CorrespondingSourceObject: {fileID: 7952376071440841797, guid: 2a2d085c6204b4e049201008cf54589d,
    type: 3}
  m_PrefabInstance: {fileID: 3851473886583044782}
  m_PrefabAsset: {fileID: 0}
--- !u!114 &9164589070986009365 stripped
MonoBehaviour:
  m_CorrespondingSourceObject: {fileID: 5358164443785454011, guid: 2a2d085c6204b4e049201008cf54589d,
    type: 3}
  m_PrefabInstance: {fileID: 3851473886583044782}
  m_PrefabAsset: {fileID: 0}
  m_GameObject: {fileID: 0}
  m_Enabled: 1
  m_EditorHideFlags: 0
  m_Script: {fileID: 11500000, guid: 47d8ef5bb9a94f62a2dde766e00ca858, type: 3}
  m_Name: 
  m_EditorClassIdentifier: 
--- !u!1001 &7338883078295306631
PrefabInstance:
  m_ObjectHideFlags: 0
  serializedVersion: 2
  m_Modification:
    m_TransformParent: {fileID: 5559487236124709498}
    m_Modifications:
    - target: {fileID: 2265086586197523439, guid: 2a2d085c6204b4e049201008cf54589d,
        type: 3}
      propertyPath: m_IsActive
      value: 0
      objectReference: {fileID: 0}
    - target: {fileID: 3390547067514161744, guid: 2a2d085c6204b4e049201008cf54589d,
        type: 3}
      propertyPath: m_IsActive
      value: 0
      objectReference: {fileID: 0}
    - target: {fileID: 4727750596815067185, guid: 2a2d085c6204b4e049201008cf54589d,
        type: 3}
      propertyPath: m_IsActive
      value: 0
      objectReference: {fileID: 0}
    - target: {fileID: 5435636200960899332, guid: 2a2d085c6204b4e049201008cf54589d,
        type: 3}
      propertyPath: m_Name
      value: ' (Dummy)'
      objectReference: {fileID: 0}
    - target: {fileID: 7361763077854909406, guid: 2a2d085c6204b4e049201008cf54589d,
        type: 3}
      propertyPath: m_IsActive
      value: 0
      objectReference: {fileID: 0}
    - target: {fileID: 7952376071440841797, guid: 2a2d085c6204b4e049201008cf54589d,
        type: 3}
      propertyPath: m_Pivot.x
      value: 0.5
      objectReference: {fileID: 0}
    - target: {fileID: 7952376071440841797, guid: 2a2d085c6204b4e049201008cf54589d,
        type: 3}
      propertyPath: m_Pivot.y
      value: 0.5
      objectReference: {fileID: 0}
    - target: {fileID: 7952376071440841797, guid: 2a2d085c6204b4e049201008cf54589d,
        type: 3}
      propertyPath: m_RootOrder
      value: 0
      objectReference: {fileID: 0}
    - target: {fileID: 7952376071440841797, guid: 2a2d085c6204b4e049201008cf54589d,
        type: 3}
      propertyPath: m_AnchorMax.x
      value: 0
      objectReference: {fileID: 0}
    - target: {fileID: 7952376071440841797, guid: 2a2d085c6204b4e049201008cf54589d,
        type: 3}
      propertyPath: m_AnchorMax.y
      value: 1
      objectReference: {fileID: 0}
    - target: {fileID: 7952376071440841797, guid: 2a2d085c6204b4e049201008cf54589d,
        type: 3}
      propertyPath: m_AnchorMin.x
      value: 0
      objectReference: {fileID: 0}
    - target: {fileID: 7952376071440841797, guid: 2a2d085c6204b4e049201008cf54589d,
        type: 3}
      propertyPath: m_AnchorMin.y
      value: 1
      objectReference: {fileID: 0}
    - target: {fileID: 7952376071440841797, guid: 2a2d085c6204b4e049201008cf54589d,
        type: 3}
      propertyPath: m_SizeDelta.x
      value: 190
      objectReference: {fileID: 0}
    - target: {fileID: 7952376071440841797, guid: 2a2d085c6204b4e049201008cf54589d,
        type: 3}
      propertyPath: m_SizeDelta.y
      value: 100
      objectReference: {fileID: 0}
    - target: {fileID: 7952376071440841797, guid: 2a2d085c6204b4e049201008cf54589d,
        type: 3}
      propertyPath: m_LocalPosition.x
      value: 0
      objectReference: {fileID: 0}
    - target: {fileID: 7952376071440841797, guid: 2a2d085c6204b4e049201008cf54589d,
        type: 3}
      propertyPath: m_LocalPosition.y
      value: 0
      objectReference: {fileID: 0}
    - target: {fileID: 7952376071440841797, guid: 2a2d085c6204b4e049201008cf54589d,
        type: 3}
      propertyPath: m_LocalPosition.z
      value: 0
      objectReference: {fileID: 0}
    - target: {fileID: 7952376071440841797, guid: 2a2d085c6204b4e049201008cf54589d,
        type: 3}
      propertyPath: m_LocalRotation.w
      value: 1
      objectReference: {fileID: 0}
    - target: {fileID: 7952376071440841797, guid: 2a2d085c6204b4e049201008cf54589d,
        type: 3}
      propertyPath: m_LocalRotation.x
      value: 0
      objectReference: {fileID: 0}
    - target: {fileID: 7952376071440841797, guid: 2a2d085c6204b4e049201008cf54589d,
        type: 3}
      propertyPath: m_LocalRotation.y
      value: 0
      objectReference: {fileID: 0}
    - target: {fileID: 7952376071440841797, guid: 2a2d085c6204b4e049201008cf54589d,
        type: 3}
      propertyPath: m_LocalRotation.z
      value: 0
      objectReference: {fileID: 0}
    - target: {fileID: 7952376071440841797, guid: 2a2d085c6204b4e049201008cf54589d,
        type: 3}
      propertyPath: m_AnchoredPosition.x
      value: 506
      objectReference: {fileID: 0}
    - target: {fileID: 7952376071440841797, guid: 2a2d085c6204b4e049201008cf54589d,
        type: 3}
      propertyPath: m_AnchoredPosition.y
      value: -50
      objectReference: {fileID: 0}
    - target: {fileID: 7952376071440841797, guid: 2a2d085c6204b4e049201008cf54589d,
        type: 3}
      propertyPath: m_LocalEulerAnglesHint.x
      value: 0
      objectReference: {fileID: 0}
    - target: {fileID: 7952376071440841797, guid: 2a2d085c6204b4e049201008cf54589d,
        type: 3}
      propertyPath: m_LocalEulerAnglesHint.y
      value: 0
      objectReference: {fileID: 0}
    - target: {fileID: 7952376071440841797, guid: 2a2d085c6204b4e049201008cf54589d,
        type: 3}
      propertyPath: m_LocalEulerAnglesHint.z
      value: 0
      objectReference: {fileID: 0}
    m_RemovedComponents:
    - {fileID: 9005071076399242882, guid: 2a2d085c6204b4e049201008cf54589d, type: 3}
    - {fileID: 5358164443785454011, guid: 2a2d085c6204b4e049201008cf54589d, type: 3}
    - {fileID: 3359366149078671893, guid: 2a2d085c6204b4e049201008cf54589d, type: 3}
    - {fileID: 1852530322181795712, guid: 2a2d085c6204b4e049201008cf54589d, type: 3}
    - {fileID: 5815114235275496893, guid: 2a2d085c6204b4e049201008cf54589d, type: 3}
    - {fileID: 8601116739967408300, guid: 2a2d085c6204b4e049201008cf54589d, type: 3}
  m_SourcePrefab: {fileID: 100100000, guid: 2a2d085c6204b4e049201008cf54589d, type: 3}
--- !u!224 &829912070742277570 stripped
RectTransform:
  m_CorrespondingSourceObject: {fileID: 7952376071440841797, guid: 2a2d085c6204b4e049201008cf54589d,
    type: 3}
  m_PrefabInstance: {fileID: 7338883078295306631}
  m_PrefabAsset: {fileID: 0}
--- !u!1001 &7674639582592018571
PrefabInstance:
  m_ObjectHideFlags: 0
  serializedVersion: 2
  m_Modification:
    m_TransformParent: {fileID: 1232681913164244381}
    m_Modifications:
    - target: {fileID: 3359366149078671893, guid: 2a2d085c6204b4e049201008cf54589d,
        type: 3}
      propertyPath: onClick.m_PersistentCalls.m_Calls.Array.size
      value: 2
      objectReference: {fileID: 0}
    - target: {fileID: 3359366149078671893, guid: 2a2d085c6204b4e049201008cf54589d,
        type: 3}
      propertyPath: onClick.m_PersistentCalls.m_Calls.Array.data[1].m_Mode
      value: 1
      objectReference: {fileID: 0}
    - target: {fileID: 3359366149078671893, guid: 2a2d085c6204b4e049201008cf54589d,
        type: 3}
      propertyPath: onClick.m_PersistentCalls.m_Calls.Array.data[2].m_Mode
      value: 0
      objectReference: {fileID: 0}
    - target: {fileID: 3359366149078671893, guid: 2a2d085c6204b4e049201008cf54589d,
        type: 3}
      propertyPath: onClick.m_PersistentCalls.m_Calls.Array.data[1].m_Target
      value: 
      objectReference: {fileID: 1939253900921727199}
    - target: {fileID: 3359366149078671893, guid: 2a2d085c6204b4e049201008cf54589d,
        type: 3}
      propertyPath: onClick.m_PersistentCalls.m_Calls.Array.data[2].m_Target
      value: 
      objectReference: {fileID: 0}
    - target: {fileID: 3359366149078671893, guid: 2a2d085c6204b4e049201008cf54589d,
        type: 3}
      propertyPath: onClick.m_PersistentCalls.m_Calls.Array.data[1].m_CallState
      value: 2
      objectReference: {fileID: 0}
    - target: {fileID: 3359366149078671893, guid: 2a2d085c6204b4e049201008cf54589d,
        type: 3}
      propertyPath: onClick.m_PersistentCalls.m_Calls.Array.data[2].m_CallState
      value: 0
      objectReference: {fileID: 0}
    - target: {fileID: 3359366149078671893, guid: 2a2d085c6204b4e049201008cf54589d,
        type: 3}
      propertyPath: onClick.m_PersistentCalls.m_Calls.Array.data[1].m_MethodName
      value: Trigger
      objectReference: {fileID: 0}
    - target: {fileID: 3359366149078671893, guid: 2a2d085c6204b4e049201008cf54589d,
        type: 3}
      propertyPath: onClick.m_PersistentCalls.m_Calls.Array.data[2].m_MethodName
      value: 
      objectReference: {fileID: 0}
    - target: {fileID: 3359366149078671893, guid: 2a2d085c6204b4e049201008cf54589d,
        type: 3}
      propertyPath: onClick.m_PersistentCalls.m_Calls.Array.data[1].m_TargetAssemblyTypeName
      value: Utils.AutoDelayHide, Assembly-CSharp
      objectReference: {fileID: 0}
    - target: {fileID: 3359366149078671893, guid: 2a2d085c6204b4e049201008cf54589d,
        type: 3}
      propertyPath: onClick.m_PersistentCalls.m_Calls.Array.data[2].m_TargetAssemblyTypeName
      value: 
      objectReference: {fileID: 0}
    - target: {fileID: 3359366149078671893, guid: 2a2d085c6204b4e049201008cf54589d,
        type: 3}
      propertyPath: onClick.m_PersistentCalls.m_Calls.Array.data[2].m_Arguments.m_BoolArgument
      value: 0
      objectReference: {fileID: 0}
    - target: {fileID: 3359366149078671893, guid: 2a2d085c6204b4e049201008cf54589d,
        type: 3}
      propertyPath: onClick.m_PersistentCalls.m_Calls.Array.data[1].m_Arguments.m_ObjectArgumentAssemblyTypeName
      value: UnityEngine.Object, UnityEngine
      objectReference: {fileID: 0}
    - target: {fileID: 3359366149078671893, guid: 2a2d085c6204b4e049201008cf54589d,
        type: 3}
      propertyPath: onClick.m_PersistentCalls.m_Calls.Array.data[2].m_Arguments.m_ObjectArgumentAssemblyTypeName
      value: 
      objectReference: {fileID: 0}
    - target: {fileID: 5435636200960899332, guid: 2a2d085c6204b4e049201008cf54589d,
        type: 3}
      propertyPath: m_Name
      value: Upgrade (1)
      objectReference: {fileID: 0}
    - target: {fileID: 5815114235275496893, guid: 2a2d085c6204b4e049201008cf54589d,
        type: 3}
      propertyPath: OnClick.Enabled
      value: 1
      objectReference: {fileID: 0}
    - target: {fileID: 5815114235275496893, guid: 2a2d085c6204b4e049201008cf54589d,
        type: 3}
      propertyPath: OnLongClick.Enabled
      value: 1
      objectReference: {fileID: 0}
    - target: {fileID: 5815114235275496893, guid: 2a2d085c6204b4e049201008cf54589d,
        type: 3}
      propertyPath: OnPointerExit.Enabled
      value: 0
      objectReference: {fileID: 0}
    - target: {fileID: 5815114235275496893, guid: 2a2d085c6204b4e049201008cf54589d,
        type: 3}
      propertyPath: LongClickRegisterInterval
      value: 0.5
      objectReference: {fileID: 0}
    - target: {fileID: 5815114235275496893, guid: 2a2d085c6204b4e049201008cf54589d,
        type: 3}
      propertyPath: OnClick.OnTrigger.Event.m_PersistentCalls.m_Calls.Array.size
      value: 2
      objectReference: {fileID: 0}
    - target: {fileID: 5815114235275496893, guid: 2a2d085c6204b4e049201008cf54589d,
        type: 3}
      propertyPath: OnLongClick.OnTrigger.Event.m_PersistentCalls.m_Calls.Array.size
      value: 1
      objectReference: {fileID: 0}
    - target: {fileID: 5815114235275496893, guid: 2a2d085c6204b4e049201008cf54589d,
        type: 3}
      propertyPath: OnClick.OnTrigger.Event.m_PersistentCalls.m_Calls.Array.data[0].m_Mode
      value: 6
      objectReference: {fileID: 0}
    - target: {fileID: 5815114235275496893, guid: 2a2d085c6204b4e049201008cf54589d,
        type: 3}
      propertyPath: OnClick.OnTrigger.Event.m_PersistentCalls.m_Calls.Array.data[1].m_Mode
      value: 1
      objectReference: {fileID: 0}
    - target: {fileID: 5815114235275496893, guid: 2a2d085c6204b4e049201008cf54589d,
        type: 3}
      propertyPath: OnClick.OnTrigger.Event.m_PersistentCalls.m_Calls.Array.data[0].m_Target
      value: 
      objectReference: {fileID: 7152010331475760604}
    - target: {fileID: 5815114235275496893, guid: 2a2d085c6204b4e049201008cf54589d,
        type: 3}
      propertyPath: OnClick.OnTrigger.Event.m_PersistentCalls.m_Calls.Array.data[1].m_Target
      value: 
      objectReference: {fileID: 1939253900921727199}
    - target: {fileID: 5815114235275496893, guid: 2a2d085c6204b4e049201008cf54589d,
        type: 3}
      propertyPath: OnLongClick.OnTrigger.Event.m_PersistentCalls.m_Calls.Array.data[0].m_Mode
      value: 6
      objectReference: {fileID: 0}
    - target: {fileID: 5815114235275496893, guid: 2a2d085c6204b4e049201008cf54589d,
        type: 3}
      propertyPath: OnClick.OnTrigger.Event.m_PersistentCalls.m_Calls.Array.data[1].m_CallState
      value: 2
      objectReference: {fileID: 0}
    - target: {fileID: 5815114235275496893, guid: 2a2d085c6204b4e049201008cf54589d,
        type: 3}
      propertyPath: OnClick.OnTrigger.Event.m_PersistentCalls.m_Calls.Array.data[0].m_MethodName
      value: SetActive
      objectReference: {fileID: 0}
    - target: {fileID: 5815114235275496893, guid: 2a2d085c6204b4e049201008cf54589d,
        type: 3}
      propertyPath: OnClick.OnTrigger.Event.m_PersistentCalls.m_Calls.Array.data[1].m_MethodName
      value: Trigger
      objectReference: {fileID: 0}
    - target: {fileID: 5815114235275496893, guid: 2a2d085c6204b4e049201008cf54589d,
        type: 3}
      propertyPath: OnLongClick.OnTrigger.Event.m_PersistentCalls.m_Calls.Array.data[0].m_Target
      value: 
      objectReference: {fileID: 7152010331475760604}
    - target: {fileID: 5815114235275496893, guid: 2a2d085c6204b4e049201008cf54589d,
        type: 3}
      propertyPath: OnLongClick.OnTrigger.Event.m_PersistentCalls.m_Calls.Array.data[0].m_CallState
      value: 2
      objectReference: {fileID: 0}
    - target: {fileID: 5815114235275496893, guid: 2a2d085c6204b4e049201008cf54589d,
        type: 3}
      propertyPath: OnLongClick.OnTrigger.Event.m_PersistentCalls.m_Calls.Array.data[0].m_MethodName
      value: SetActive
      objectReference: {fileID: 0}
    - target: {fileID: 5815114235275496893, guid: 2a2d085c6204b4e049201008cf54589d,
        type: 3}
      propertyPath: OnClick.OnTrigger.Event.m_PersistentCalls.m_Calls.Array.data[0].m_TargetAssemblyTypeName
      value: UnityEngine.GameObject, UnityEngine
      objectReference: {fileID: 0}
    - target: {fileID: 5815114235275496893, guid: 2a2d085c6204b4e049201008cf54589d,
        type: 3}
      propertyPath: OnClick.OnTrigger.Event.m_PersistentCalls.m_Calls.Array.data[1].m_TargetAssemblyTypeName
      value: Utils.AutoDelayHide, Assembly-CSharp
      objectReference: {fileID: 0}
    - target: {fileID: 5815114235275496893, guid: 2a2d085c6204b4e049201008cf54589d,
        type: 3}
      propertyPath: OnClick.OnTrigger.Event.m_PersistentCalls.m_Calls.Array.data[0].m_Arguments.m_BoolArgument
      value: 1
      objectReference: {fileID: 0}
    - target: {fileID: 5815114235275496893, guid: 2a2d085c6204b4e049201008cf54589d,
        type: 3}
      propertyPath: OnClick.OnTrigger.Event.m_PersistentCalls.m_Calls.Array.data[1].m_Arguments.m_BoolArgument
      value: 1
      objectReference: {fileID: 0}
    - target: {fileID: 5815114235275496893, guid: 2a2d085c6204b4e049201008cf54589d,
        type: 3}
      propertyPath: OnLongClick.OnTrigger.Event.m_PersistentCalls.m_Calls.Array.data[0].m_TargetAssemblyTypeName
      value: UnityEngine.GameObject, UnityEngine
      objectReference: {fileID: 0}
    - target: {fileID: 5815114235275496893, guid: 2a2d085c6204b4e049201008cf54589d,
        type: 3}
      propertyPath: OnLongClick.OnTrigger.Event.m_PersistentCalls.m_Calls.Array.data[0].m_Arguments.m_BoolArgument
      value: 1
      objectReference: {fileID: 0}
    - target: {fileID: 5815114235275496893, guid: 2a2d085c6204b4e049201008cf54589d,
        type: 3}
      propertyPath: OnClick.OnTrigger.Event.m_PersistentCalls.m_Calls.Array.data[1].m_Arguments.m_ObjectArgumentAssemblyTypeName
      value: UnityEngine.Object, UnityEngine
      objectReference: {fileID: 0}
    - target: {fileID: 5815114235275496893, guid: 2a2d085c6204b4e049201008cf54589d,
        type: 3}
      propertyPath: OnLongClick.OnTrigger.Event.m_PersistentCalls.m_Calls.Array.data[0].m_Arguments.m_ObjectArgumentAssemblyTypeName
      value: UnityEngine.Object, UnityEngine
      objectReference: {fileID: 0}
    - target: {fileID: 7952376071440841797, guid: 2a2d085c6204b4e049201008cf54589d,
        type: 3}
      propertyPath: m_Pivot.x
      value: 0.5
      objectReference: {fileID: 0}
    - target: {fileID: 7952376071440841797, guid: 2a2d085c6204b4e049201008cf54589d,
        type: 3}
      propertyPath: m_Pivot.y
      value: 0.5
      objectReference: {fileID: 0}
    - target: {fileID: 7952376071440841797, guid: 2a2d085c6204b4e049201008cf54589d,
        type: 3}
      propertyPath: m_RootOrder
      value: 8
      objectReference: {fileID: 0}
    - target: {fileID: 7952376071440841797, guid: 2a2d085c6204b4e049201008cf54589d,
        type: 3}
      propertyPath: m_AnchorMax.x
      value: 1
      objectReference: {fileID: 0}
    - target: {fileID: 7952376071440841797, guid: 2a2d085c6204b4e049201008cf54589d,
        type: 3}
      propertyPath: m_AnchorMax.y
      value: 0.5
      objectReference: {fileID: 0}
    - target: {fileID: 7952376071440841797, guid: 2a2d085c6204b4e049201008cf54589d,
        type: 3}
      propertyPath: m_AnchorMin.x
      value: 1
      objectReference: {fileID: 0}
    - target: {fileID: 7952376071440841797, guid: 2a2d085c6204b4e049201008cf54589d,
        type: 3}
      propertyPath: m_AnchorMin.y
      value: 0.5
      objectReference: {fileID: 0}
    - target: {fileID: 7952376071440841797, guid: 2a2d085c6204b4e049201008cf54589d,
        type: 3}
      propertyPath: m_SizeDelta.x
      value: 190
      objectReference: {fileID: 0}
    - target: {fileID: 7952376071440841797, guid: 2a2d085c6204b4e049201008cf54589d,
        type: 3}
      propertyPath: m_SizeDelta.y
      value: 100
      objectReference: {fileID: 0}
    - target: {fileID: 7952376071440841797, guid: 2a2d085c6204b4e049201008cf54589d,
        type: 3}
      propertyPath: m_LocalPosition.x
      value: 0
      objectReference: {fileID: 0}
    - target: {fileID: 7952376071440841797, guid: 2a2d085c6204b4e049201008cf54589d,
        type: 3}
      propertyPath: m_LocalPosition.y
      value: 0
      objectReference: {fileID: 0}
    - target: {fileID: 7952376071440841797, guid: 2a2d085c6204b4e049201008cf54589d,
        type: 3}
      propertyPath: m_LocalPosition.z
      value: 0
      objectReference: {fileID: 0}
    - target: {fileID: 7952376071440841797, guid: 2a2d085c6204b4e049201008cf54589d,
        type: 3}
      propertyPath: m_LocalRotation.w
      value: 1
      objectReference: {fileID: 0}
    - target: {fileID: 7952376071440841797, guid: 2a2d085c6204b4e049201008cf54589d,
        type: 3}
      propertyPath: m_LocalRotation.x
      value: 0
      objectReference: {fileID: 0}
    - target: {fileID: 7952376071440841797, guid: 2a2d085c6204b4e049201008cf54589d,
        type: 3}
      propertyPath: m_LocalRotation.y
      value: 0
      objectReference: {fileID: 0}
    - target: {fileID: 7952376071440841797, guid: 2a2d085c6204b4e049201008cf54589d,
        type: 3}
      propertyPath: m_LocalRotation.z
      value: 0
      objectReference: {fileID: 0}
    - target: {fileID: 7952376071440841797, guid: 2a2d085c6204b4e049201008cf54589d,
        type: 3}
      propertyPath: m_AnchoredPosition.x
      value: -108
      objectReference: {fileID: 0}
    - target: {fileID: 7952376071440841797, guid: 2a2d085c6204b4e049201008cf54589d,
        type: 3}
      propertyPath: m_AnchoredPosition.y
      value: 0
      objectReference: {fileID: 0}
    - target: {fileID: 7952376071440841797, guid: 2a2d085c6204b4e049201008cf54589d,
        type: 3}
      propertyPath: m_LocalEulerAnglesHint.x
      value: 0
      objectReference: {fileID: 0}
    - target: {fileID: 7952376071440841797, guid: 2a2d085c6204b4e049201008cf54589d,
        type: 3}
      propertyPath: m_LocalEulerAnglesHint.y
      value: 0
      objectReference: {fileID: 0}
    - target: {fileID: 7952376071440841797, guid: 2a2d085c6204b4e049201008cf54589d,
        type: 3}
      propertyPath: m_LocalEulerAnglesHint.z
      value: 0
      objectReference: {fileID: 0}
    - target: {fileID: 9005071076399242882, guid: 2a2d085c6204b4e049201008cf54589d,
        type: 3}
      propertyPath: target
      value: 
      objectReference: {fileID: 7152010331475760604}
    - target: {fileID: 9025844701450558429, guid: 2a2d085c6204b4e049201008cf54589d,
        type: 3}
      propertyPath: target
      value: 
      objectReference: {fileID: 7152010331475760604}
    - target: {fileID: 9025844701450558429, guid: 2a2d085c6204b4e049201008cf54589d,
        type: 3}
      propertyPath: overwriteBeforeDelay
      value: 1
      objectReference: {fileID: 0}
    m_RemovedComponents: []
  m_SourcePrefab: {fileID: 100100000, guid: 2a2d085c6204b4e049201008cf54589d, type: 3}
--- !u!224 &350524232192529614 stripped
RectTransform:
  m_CorrespondingSourceObject: {fileID: 7952376071440841797, guid: 2a2d085c6204b4e049201008cf54589d,
    type: 3}
  m_PrefabInstance: {fileID: 7674639582592018571}
  m_PrefabAsset: {fileID: 0}
--- !u!114 &2368271243296721200 stripped
MonoBehaviour:
  m_CorrespondingSourceObject: {fileID: 5358164443785454011, guid: 2a2d085c6204b4e049201008cf54589d,
    type: 3}
  m_PrefabInstance: {fileID: 7674639582592018571}
  m_PrefabAsset: {fileID: 0}
  m_GameObject: {fileID: 0}
  m_Enabled: 1
  m_EditorHideFlags: 0
  m_Script: {fileID: 11500000, guid: 47d8ef5bb9a94f62a2dde766e00ca858, type: 3}
  m_Name: 
  m_EditorClassIdentifier: 
